3000 5084
380 343 881 418 Prurnooavu
1086 341 1150 439 qm

184 527 260 590 XV.
297 549 333 610 p.
355 521 430 606 lio.
471 523 522 588 ad
536 525 642 605 finem
671 523 749 583 libri
773 521 834 582 XI.
894 513 1033 586 Amuion
1060 525 1152 586 aliam

115 634 334 707 Amazonem,
368 630 561 691 vulneratam
582 648 664 712 equo
693 621 830 687 adstante
856 625 1009 709 delapsum
1035 647 1155 692 eterra

115 738 270 798 alienans.
350 731 602 795 Praellanriffima
647 749 770 814 gemme
811 734 846 790 in
883 731 1018 814 cimeliis
1049 735 1155 794 Du'er'r

111 835 419 913 Malmsburieufurt
463 835 633 898 Gemmar.
660 849 732 894 ane.
763 831 909 893 delectus
942 835 1000 904 To,
1028 835 1058 904 l)
1083 835 1152 899 tab.

111 937 270 1004 XLVIII.
315 941 403 1000 Sunt
425 937 503 1000 uliae
527 957 685 1022 gemmae,
714 952 748 998 et
765 935 833 997 vela
856 941 953 1018 picta,
984 941 1018 998 iu
1041 936 1154 1044 tpribtu

113 1043 253 1106 Achilleo
279 1039 504 1105 Penthefileom
524 1063 608 1125 equo
631 1037 785 1121 delapsum
811 1039 921 1101 eodem
949 1041 1048 1100 modo·
1074 1045 1154 1102 exci-

113 1153 183 1232 pit:
214 1167 263 1212 ret
283 1149 346 1207 iam
367 1167 386 1206 a
408 1145 517 1206 Phidia
537 1150 572 1206 ln
591 1141 706 1205 throno
730 1141 814 1204 Iouir
836 1142 974 1227 Olympii
1000 1141 1154 1209 exhibita&

113 1250 248 1314 Paulan.
278 1249 319 1322 V,
353 1269 402 1310 ιι.
430 1271 463 1331 p.
489 1254 565 1326 402.
631 1247 772 1308 Omnino
801 1251 877 1307 mira
905 1267 974 1306 cum
1003 1253 1152 1312 verietate²

115 1356 313 1417 Amazonum
331 1372 381 1412 ree
405 1355 439 1411 in
457 1349 560 1432 priscis
590 1349 736 1432 operibus
762 1350 887 1410 luerunt
913 1347 1083 1423 exhibitam
1119 1357 1155 1415 itr

116 1457 186 1540 ipio
209 1457 291 1518 louis
316 1455 454 1540 Olympii
483 1453 597 1514 throno
627 1455 691 1516 duo
718 1456 910 1514 Amazonum
937 1455 1054 1534 praelia
1084 1475 1156 1516 cum

117 1560 254 1622 Hercule
277 1575 309 1620 et
330 1578 402 1618 cum
421 1555 542 1620 Theseo
566 1577 585 1620 u
606 1556 825 1620 Phidiacum
845 1553 1000 1640 expressa:
1023 1558 1152 1625 Pensm

116 1666 162 1741 V,
187 1685 235 1726 ιι.
256 1685 288 1745 p.
308 1669 384 1742 402.
404 1667 479 1741 402.

184 1815 272 1879 XVI.
315 1837 349 1898 p.
371 1822 447 1894 411.
489 1828 570 1874 ante
590 1795 775 1892 Exeundum
794 1813 822 1876 Ι.
855 1808 1086 1876 &Diomedis
1097 1808 1155 1894 se'·

121 1921 217 1982 dibus
239 1923 276 1980 in
297 1916 436 1999 Apulia.
499 1916 526 1978 E
548 1917 695 1979 corneolu
717 1916 852 1976 summae
877 1915 1048 1998 elegantiae
1070 1919 1155 2000 apud

119 2027 244 2086 Ducem
263 2018 550 2082 Malmrburienlem
570 2019 592 2080 l.
615 2041 642 2082 c.
677 2023 733 2081 To.
762 2021 791 2090 Ι,
820 2018 887 2081 tab.
912 2019 1033 2081 XLVI.
1076 2021 1155 2084 Dio·

120 2128 228 2189 medes
249 2146 319 2186 cum
339 2123 448 2184 Aenea
471 2121 661 2206 congrellus,
697 2144 791 2207 quem
809 2123 924 2205 Apollo
945 2122 1097 2184 seruatum
1121 2129 1156 2188 in

120 2230 228 2292 vrbem
248 2227 415 2288 abstulerat
444 2221 624 2312 ἀπάτερθεν
646 2224 749 2304 ὁμίλου
769 2223 929 2308 ἐπέθηκεν
956 2225 994 2288 Il.
1016 2227 1054 2299 E,
1077 2233 1153 2307 445,
1211 2271 1216 2282 .

119 2333 183 2417 ipse
204 2331 314 2394 obuius
336 2329 433 2390 iactus
454 2328 603 2391 Diomedi
625 2333 680 2414 qui
698 2329 874 2413 indignanti
893 2325 995 2390 fimilir
1016 2327 1047 2392 se
1068 2351 1157 2394 aucr-

120 2442 159 2498 tit
180 2439 312 2496 minatur
334 2430 404 2492 ense
426 2430 555 2494 lublato.

181 2567 283 2630 XVII.
322 2589 357 2650 p.
379 2575 454 2648 42ο.
493 2567 562 2646 sub
576 2567 642 2649 sin.
664 2566 872 2645 Excurfimm
892 2565 969 2626 libri
988 2569 1047 2632 XI.
1110 2569 1158 2632 Ex

122 2672 192 2736 vele
219 2675 305 2754 picto
324 2671 450 2744 'Graeci
478 2675 581 2751 operis
610 2670 694 2752 apud
734 2669 920 2728 Wuolelm.
947 2671 1040 2732 Mon.
1065 2671 1155 2735 ined.

122 2777 184 2839 No.
211 2777 281 2854 146.
324 2771 377 2834 vbi
407 2772 460 2832 ille
480 2772 543 2834 duo
565 2776 694 2833 iuuenes
715 2767 855 2832 Orestem
878 2785 909 2834 et
930 2772 1077 2857 Pyladem
1101 2795 1159 2838 an-

125 2897 156 2942 te
178 2878 349 2959 sepulcrum
369 2875 611 2960 Agamemnonis
635 2879 865 2956 interpretatur.
940 2951 944 2962 .

183 3012 300 3076 XVIII.
342 3035 376 3097 p.
398 3019 473 3092 421.
513 3027 597 3082 anre
613 3009 858 3090 Argumentum
883 3009 962 3074 libri
979 3013 1054 3074 XII.
1097 3011 1161 3075 Ad

123 3114 181 3198 effi
206 3137 276 3197 170.
302 3137 330 3176 1.
373 3116 538 3194 Saetigeri
550 3116 665 3199 ferram
673 3115 750 3192 suis
772 3130 831 3176 etc.
881 3113 1098 3199 Anaglyphum
1119 3139 1159 3178 ex
1182 3189 1185 3196 1

124 3221 250 3306 Traiani
270 3218 351 3300 Imp.
370 3240 444 3280 arcu
462 3215 657 3300 triumphali,
680 3219 860 3280 translatum
880 3219 1051 3380 in'um
1073 3220 1165 3287 Cous

124 3320 265 3395 stamini,
287 3326 321 3382 in
339 3322 529 3382 Belloriauo
555 3341 653 3400 opere
672 3325 756 3382 etin
773 3317 920 3382 Admira
1017 3320 1158 3399 obuium,

126 3442 158 3486 et
178 3429 213 3486 in
233 3425 284 3486 ed.
309 3424 361 3485 alt.
383 3429 446 3486 iam
467 3421 646 3507 exprellum.
694 3420 746 3485 Est
769 3423 884 3486 sermm
906 3422 944 3484 ab
967 3423 1160 3506 Imperatore

125 3528 260 3606 iactum3
296 3528 521 3590 Suovetaurilia
541 3528 750 3610 appelletum;
783 3547 813 3590 v.
837 3525 910 3600 vol.
935 3527 991 3591 lv.
1013 3527 1088 3591 edit.
1105 3529 1158 3591 alt.

125 3652 158 3714 p.
181 3638 254 3712 249.
277 3633 352 3694 250.

187 3766 276 3828 xlx.
318 3789 353 3849 p.
373 3769 449 3848 423.
491 3779 573 3826 ante
592 3762 713 3823 librum
731 3763 806 3828 XII.
848 3766 894 3826 Ex
912 3781 1020 3846 patera
1035 3765 1161 3829 Etmscu

129 3890 178 3952 ep.
208 3869 403 3930 Winelrelm.
422 3872 561 3932 Monim.
584 3883 655 3930 ane.
677 3868 739 3930 No.
767 3869 837 3932 135.
872 3882 904 3929 et
926 3889 976 3949 up.
1000 3871 1162 3930 Lanzium

132 3974 252 4052 saggo
278 3972 315 4033 di
341 3975 473 4052 lingua
499 3975 583 4032 Etru
600 3993 642 4031 ca
671 3975 729 4032 To.
759 3972 805 4040 H,
836 3969 904 4032 rab.
932 3972 1010 4039 ΧΠ,
1035 3969 1098 4033 No.
1127 3981 1162 4053 4.

128 4074 195 4138 Elle
218 4078 411 4141 Mercurium
429 4077 492 4137 feta
512 4075 638 4137 Achillia
659 4090 692 4136 et
718 4075 860 4138 Hectoris
881 4073 958 4134 libra
984 4077 1164 4156 expenden-

132 4195 194 4240 tem
223 4179 338 4242 docent
364 4181 485 4243 litterae
518 4180 658 4242 Etruscae
687 4183 721 4238 in
749 4179 811 4260 ipsa
843 4193 950 4260 putere
984 4176 1163 4260 adscriptae,

132 4281 284 4347 hocloco
309 4301 417 4348 tamen
437 4280 562 4348 emillae
568 4325 582 4361 ,
622 4287 773 4367 quoniam
800 4281 841 4380 cle
864 4301 898 4343 re
926 4295 1045 4343 tantum
1071 4297 1109 4345 et¹
1125 4281 1166 4343 de
