3000 5084
391 337 456 426 760
664 333 1090 426 ,ancansvs

392 509 507 594 anno)
533 508 668 583 lorteet
688 509 751 592 ipsa
771 511 908 594 galeata,
938 509 1007 586 eth,
1037 529 1070 573 at
1089 531 1177 576 nunc
1198 513 1252 589 est',
1282 531 1383 576 noctura

392 611 519 676 fimilior
535 611 596 686 est,
618 635 637 674 e
655 613 771 672 Parim·
790 615 947 691 Nimism.
968 619 1071 698 Impp.
1089 639 1125 698 p.
1152 621 1217 682 153.
1256 617 1386 681 Tentata

394 741 413 780 e
442 737 540 776 numo
570 713 787 776 Gabalensutrn
816 719 920 802 Syriae
949 740 998 801 ap.
1029 721 1140 780 Parin.
1167 743 1200 800 p.
1228 726 1291 799 243.
1341 725 1387 781 Strt

393 815 531 903 Harpyia
552 834 623 878 ante
645 811 825 904 Sphingem.
867 815 1003 882 Litterae
1025 816 1110 890 ΓΑΕ
1137 824 1285 886 declarant
1302 845 1387 885 aaran

395 919 535 1005 epochae
563 919 603 980 ab
633 925 797 1003 impetrata
826 941 842 984 a
873 925 1025 1008 Pompeio
1053 925 1200 987 libertate
1227 925 1388 988 ccxxxnt

394 1042 507 1090 numus
537 1019 579 1085 est
601 1022 791 1086 cristarum
815 1025 937 1088 decimo
960 1027 1005 1090 M.
1026 1027 1146 1092 Aurelii
1168 1027 1244 1112 Imp.
1266 1032 1346 1112 Supra
1359 1035 1389 1088 ri·

393 1127 502 1192 luntur
523 1127 610 1188 duae
625 1125 750 1208 species,
773 1129 867 1190 altera
889 1135 1013 1212 virginit
1033 1131 1145 1205 alatae,
1171 1155 1208 1192 ex
1228 1133 1300 1194 Cod.
1318 1131 1389 1191 Vatia

393 1232 502 1316 Virgil.
522 1232 560 1291 ad
583 1232 662 1292 Aen.
682 1232 738 1304 Vl,
763 1235 835 1312 289.
867 1234 962 1295 altera
985 1239 1095 1296 vittato
1120 1251 1154 1296 et
1174 1233 1313 1298 coronato
1331 1241 1389 1315 capi-

393 1349 443 1410 te,
464 1357 483 1396 e
503 1337 622 1414 nagan·
647 1334 736 1412 Thes
757 1333 946 1398 amedaeo.
982 1337 1035 1397 To.
1058 1341 1120 1411 111,
1147 1359 1182 1420 p.
1204 1341 1274 1422 371.
1327 1337 1389 1398 ldtle

296 1493 302 1509 ,
392 1440 483 1502 eliam
502 1443 612 1497 miram
634 1435 766 1520 speciem
789 1443 821 1499 in
848 1437 944 1514 Vql'rr
976 1439 1149 1516 Ttsoltbet'n
1185 1442 1258 1506 Vol.
1284 1441 1332 1516 Ill,
1353 1445 1388 1519 552

392 1542 484 1604 Conf.
507 1541 545 1600 ad
567 1539 644 1601 haec
660 1539 759 1622 ipsum
780 1539 957 1607 Excurlum.
1009 1543 1060 1604 De
1080 1537 1243 1608 sirenibus
1262 1565 1287 1607 v.
1305 1543 1347 1605 inl.
1362 1541 1389 1602 ad

390 1647 505 1708 calcem
525 1643 596 1704 libri
618 1643 656 1703 V.

458 1787 623 1861 xxxva.
666 1819 699 1880 p.
721 1799 794 1880 597·
837 1813 919 1858 aare
940 1797 1126 1880 amiram
1145 1803 1188 1866 rr
1244 1799 1345 1862 aetat
1366 1814 1389 1860 a

391 1898 647 1971 Andromaches
669 1902 822 1978 occursus
849 1906 885 1962 in
911 1904 1025 1985 Epiro.
1088 1908 1203 1988 Capita
1229 1911 1320 1989 iugata
1341 1905 1388 1973 titi,

391 2009 525 2070 feminac
547 2022 578 2066 ct
600 2009 691 2087 pueri
698 2047 708 2078 ,
742 2003 847 2065 habita
871 2007 963 2088 vulgo
988 2013 1086 2090 capita
1111 2010 1269 2082 Hectoris,
1297 2009 1388 2070 Andro·

390 2110 512 2172 macher
534 2125 566 2168 et
587 2105 790 2190 Astyanactis,
828 2106 898 2168 sane
920 2111 1046 2191 quidem
1067 2111 1130 2172 fine
1150 2129 1232 2174 certa
1254 2111 1321 2182 fide.
1348 2129 1388 2170 nec

389 2227 495 2275 tamen
517 2207 654 2272 absurde.
701 2208 775 2268 Erat
796 2231 917 2293 gemma
939 2211 1011 2274 olim
1032 2218 1066 2273 in
1086 2212 1225 2276 Cimolils
1246 2211 1329 2274 Ducit
1346 2216 1388 2272 Au·

387 2311 582 2386 reliancnlis,
613 2333 642 2372 v.
661 2311 823 2397 Descnpt.
856 2315 910 2375 To.
930 2314 975 2385 11.
996 2317 1112 2398 ΜΗ
1157 2339 1244 2380 nunc
1260 2322 1291 2378 in
1307 2314 1387 2377 Museo

387 2419 464 2502 Imp.
483 2411 666 2477 Ruistarum.

449 2569 629 2634 XXXVIII.
671 2569 801 2652 p‚·600.
842 2574 879 2632 in
902 2573 978 2654 fine
1004 2573 1106 2636 carrd.
1127 2577 1308 2653 Emcnrfits:
1341 2573 1385 2634 hu·

388 2673 555 2740 dromacha
577 2695 647 2736 cum
669 2693 745 2734 vma
771 2675 912 2758 Hectoris
941 2683 1059 2740 cinerea
1089 2678 1246 2754 seruante,
1282 2674 1386 2738 adstante

385 2803 487 2863 puero
519 2776 701 2862 Astyanacte
717 2793 861 2877 ‘matrem
894 2781 1090 2852 consolante:
1128 2805 1146 2844 a
1172 2801 1257 2867 tergo
1281 2779 1384 2842 lanula:

386 2881 558 2946 suauiffimo
580 2879 743 2960 adspectu3
766 2901 802 2941 ex
824 2881 1000 2966 anaglypho
1021 2887 1122 2946 Villae
1144 2883 1316 2970 Borghefiae
1334 2898 1383 2942 urm

386 2989 579 3050 Amazonum
597 2984 747 3045 'aduentu
774 2983 817 3045 ad
846 2981 988 3048 Troiam:
1026 3005 1075 3072 ap.
1113 2989 1294 3053 Wackelaa
1315 2985 1382 3046 Mon

383 3089 473 3152 ined.
495 3090 557 3150 No.
582 3087 652 3168 137.

448 3237 600 3304 xxxix.
642 3261 674 3323 p.
696 3241 770 3304 601.
813 3255 894 3300 arte
912 3243 1096 3323 Ezcnrfirm
1114 3249 1175 3310 XI.
1229 3243 1384 3324 Praeerat

384 3346 579 3410 immolatio.
609 3407 613 3416 ,
643 3341 786 3425 Express'a
810 3363 847 3404 ea
877 3341 919 3404 ell
947 3367 985 3408 ex
1014 3371 1137 3432 gemma
1168 3349 1325 3410 Stolchiana
1346 3361 1380 3418 ap.

374 3447 582 3511 ‘'Wnclelm.
600 3449 692 3506 Mon.
711 3444 798 3508 inad.
819 3447 879 3510 No.
899 3457 968 3530 144.
1005 3451 1072 3534 Ipsa
1085 3452 1195 3516 sedens
1207 3470 1274 3512 ante
1286 3445 1380 3510 achila

383 3551 555 3634 sepulcrum
570 3553 670 3612 velatu
685 3551 837 3618 reducens
853 3573 871 3613 a
887 3559 1002 3632 capite,
1024 3573 1152 3635 pectore
1167 3562 1225 3615 iam
1241 3555 1339 3614 nudato
1351 3543 1377 3602 td

384 3655 602 3736 excipiendum
618 3659 730 3728 ictum,
751 3669 783 3713 vt
800 3651 843 3714 est
858 3659 892 3714 in
905 3653 955 3718 vll.
970 3657 1076 3740 EurIp.
1103 3659 1181 3720 Hac.
1197 3662 1255 3738 557
1270 3657 1302 3738 sq.
1324 3651 1377 3710 ΝΠ·

383 3775 441 3824 net
462 3759 555 3820 altera
577 3778 673 3818 mauu
694 3775 822 3818 manum
844 3757 952 3841 Pyrrhi
974 3781 992 3820 a
1018 3774 1107 3844 tergo
1128 3759 1230 3822 [tantia
1252 3776 1280 3821 et
1299 3753 1376 3816 enirm

382 3883 480 3932 manu
509 3863 651 3923 tenentia.
711 3861 895 3941 Sepulcrum
922 3863 1053 3944 speciem
1081 3868 1268 3926 monumenti
1287 3854 1374 3920 ,arta

329 3950 334 3959 ’
383 3966 456 4030 iacti
477 3963 588 4036 habet,
624 3983 694 4023 cum
718 3964 882 4038 columna,
903 3972 953 4026 'cni
973 3965 1243 4051 Psychairnpolita
1264 3962 1315 4035 est,
1347 3953 1375 4015 td

384 4075 518 4132 animam
541 4065 681 4139 Achillia,
702 4083 734 4126 vt
757 4067 918 4147 probabile
939 4067 991 4142 fit,
1011 4070 1240 4144 declarandam,
1259 4085 1325 4152 quae
1340 4058 1372 4118 stt·

383 4194 443 4256 per
466 4171 586 4232 tumulo
608 4169 770 4248 conspecta
798 4167 1009 4257 raiar'ptrrreioe,
1046 4174 1188 4261 adeoque
1216 4197 1250 4238 ex
1274 4165 1372 4250 capilu't’

382 4293 474 4337 rnatu
500 4269 771 4356 praestantiorem,
806 4271 864 4336 libi
893 4276 1110 4343 vindicauerat.
1173 4277 1222 4342 Eli
1250 4275 1314 4337 laec
1334 4283 1368 4334 tt,
