<?xml version="1.0" encoding="UTF-8"?>
<!DOCTYPE html PUBLIC "-//W3C//DTD XHTML 1.0 Transitional//EN"
    "http://www.w3.org/TR/xhtml1/DTD/xhtml1-transitional.dtd">
<html xmlns="http://www.w3.org/1999/xhtml" xml:lang="en" lang="en">
 <head>
  <title>
</title>
<meta http-equiv="Content-Type" content="text/html;charset=utf-8" />
  <meta name='ocr-system' content='tesseract 3.04.00' />
  <meta name='ocr-capabilities' content='ocr_page ocr_carea ocr_par ocr_line ocrx_word'/>
</head>
<body>
  <div class='ocr_page' id='page_1' title='image "./varietatelectio00virggoog_0749.png"; bbox 0 0 3000 5084; ppageno 0'>
   <div class='ocr_carea' id='block_1_1' title="bbox 56 1313 1104 1680">
    <p class='ocr_par' dir='ltr' id='par_1_1' title="bbox 56 1313 1104 1680">
     <span class='ocr_line' id='line_1_1' title="bbox 337 1313 831 1426; baseline -0.002 -4"><span class='ocrx_word' id='word_1_1' title='bbox 337 1333 380 1422; x_wconf 86' lang='lat' dir='ltr'>R</span> <span class='ocrx_word' id='word_1_2' title='bbox 405 1313 509 1426; x_wconf 45' lang='lat' dir='ltr'><strong>E‘C</strong></span> <span class='ocrx_word' id='word_1_3' title='bbox 536 1335 573 1426; x_wconf 85' lang='grc' dir='ltr'><strong><em>Ε</em></strong></span> <span class='ocrx_word' id='word_1_4' title='bbox 599 1335 645 1425; x_wconf 91' lang='grc' dir='ltr'><strong>Ν</strong></span> <span class='ocrx_word' id='word_1_5' title='bbox 670 1330 702 1423; x_wconf 83' lang='grc'><strong>8</strong></span> <span class='ocrx_word' id='word_1_6' title='bbox 730 1332 774 1422; x_wconf 92' lang='lat' dir='ltr'>V</span> <span class='ocrx_word' id='word_1_7' title='bbox 800 1331 831 1422; x_wconf 86' lang='lat' dir='ltr'>S</span> 
     </span>
     <span class='ocr_line' id='line_1_2' title="bbox 56 1513 1104 1680; baseline 0.009 -41"><span class='ocrx_word' id='word_1_8' title='bbox 56 1513 472 1642; x_wconf 76' lang='lat' dir='ltr'><strong>ennrnoonvru</strong></span> <span class='ocrx_word' id='word_1_9' title='bbox 509 1577 567 1680; x_wconf 68' lang='lat' dir='ltr'><strong>ar</strong></span> <span class='ocrx_word' id='word_1_10' title='bbox 605 1525 1104 1650; x_wconf 75' lang='lat' dir='ltr'><strong>onnnnrnronvn</strong></span> 
     </span>
    </p>
   </div>
   <div class='ocr_carea' id='block_1_2' title="bbox 274 1775 895 1850">
    <p class='ocr_par' dir='ltr' id='par_1_2' title="bbox 274 1775 895 1850">
     <span class='ocr_line' id='line_1_3' title="bbox 274 1775 895 1850; baseline -0.011 0"><span class='ocrx_word' id='word_1_11' title='bbox 274 1781 454 1850; x_wconf 73' lang='lat' dir='ltr'><strong>caeto</strong></span> <span class='ocrx_word' id='word_1_12' title='bbox 493 1775 895 1850; x_wconf 80' lang='lat' dir='ltr'><strong>EXPRESSORVM.</strong></span> 
     </span>
    </p>
   </div>
   <div class='ocr_carea' id='block_1_3' title="bbox 446 2055 765 2087">
    <p class='ocr_par' dir='ltr' id='par_1_3' title="bbox 446 2055 765 2087">
     <span class='ocr_line' id='line_1_4' title="bbox 446 2055 765 2087; baseline -0.009 0"><span class='ocrx_word' id='word_1_13' title='bbox 446 2055 765 2087; x_wconf 37' lang='lat' dir='ltr'><strong>-q-aeffl—</strong></span> 
     </span>
    </p>
   </div>
   <div class='ocr_carea' id='block_1_4' title="bbox 63 2295 1200 4114">
    <p class='ocr_par' dir='ltr' id='par_1_4' title="bbox 63 2295 1200 4114">
     <span class='ocr_line' id='line_1_5' title="bbox 63 2295 1180 2457; baseline 0.003 -27"><span class='ocrx_word' id='word_1_14' title='bbox 63 2295 150 2430; x_wconf 75' lang='lat' dir='ltr'><strong>Vt</strong></span> <span class='ocrx_word' id='word_1_15' title='bbox 173 2355 285 2455; x_wconf 81' lang='lat' dir='ltr'><strong>genio</strong></span> <span class='ocrx_word' id='word_1_16' title='bbox 309 2349 461 2450; x_wconf 88' lang='lat' dir='ltr'><strong>saeculi,</strong></span> <span class='ocrx_word' id='word_1_17' title='bbox 488 2379 602 2457; x_wconf 86' lang='lat' dir='ltr'><strong>quem</strong></span> <span class='ocrx_word' id='word_1_18' title='bbox 623 2379 817 2446; x_wconf 80' lang='lat' dir='ltr'><strong>vocamus,</strong></span> <span class='ocrx_word' id='word_1_19' title='bbox 847 2350 923 2429; x_wconf 91' lang='lat' dir='ltr'><strong>hoc</strong></span> <span class='ocrx_word' id='word_1_20' title='bbox 949 2352 1015 2449; x_wconf 87' lang='lat' dir='ltr'><strong>est,</strong></span> <span class='ocrx_word' id='word_1_21' title='bbox 1046 2363 1102 2434; x_wconf 91' lang='lat' dir='ltr'><strong>in·</strong></span> <span class='ocrx_word' id='word_1_22' title='bbox 1153 2335 1180 2389; x_wconf 67' lang='lat'><strong>⁹</strong></span> 
     </span>
     <span class='ocr_line' id='line_1_6' title="bbox 64 2505 1102 2612; baseline 0.004 -30"><span class='ocrx_word' id='word_1_23' title='bbox 64 2511 179 2610; x_wconf 80' lang='lat' dir='ltr'><strong>genio</strong></span> <span class='ocrx_word' id='word_1_24' title='bbox 219 2525 258 2581; x_wconf 90' lang='lat' dir='ltr'><strong>et</strong></span> <span class='ocrx_word' id='word_1_25' title='bbox 289 2514 403 2600; x_wconf 86' lang='lat' dir='ltr'><strong>mori,</strong></span> <span class='ocrx_word' id='word_1_26' title='bbox 451 2505 719 2583; x_wconf 83' lang='lat' dir='ltr'>obsecundaret</span> <span class='ocrx_word' id='word_1_27' title='bbox 749 2507 939 2582; x_wconf 86' lang='lat' dir='ltr'><strong>redemtor</strong></span> <span class='ocrx_word' id='word_1_28' title='bbox 967 2517 1102 2612; x_wconf 83' lang='lat' dir='ltr'><strong>operis,</strong></span> 
     </span>
     <span class='ocr_line' id='line_1_7' title="bbox 64 2649 1101 2762; baseline 0.01 -31"><span class='ocrx_word' id='word_1_29' title='bbox 64 2677 212 2760; x_wconf 86' lang='lat' dir='ltr'><strong>partem</strong></span> <span class='ocrx_word' id='word_1_30' title='bbox 245 2661 514 2762; x_wconf 80' lang='lat' dir='ltr'><strong>exemplarium</strong></span> <span class='ocrx_word' id='word_1_31' title='bbox 547 2659 690 2760; x_wconf 82' lang='lat' dir='ltr'><strong>Virgilii</strong></span> <span class='ocrx_word' id='word_1_32' title='bbox 723 2662 829 2732; x_wconf 79' lang='lat' dir='ltr'><strong>variis</strong></span> <span class='ocrx_word' id='word_1_33' title='bbox 874 2649 1101 2740; x_wconf 82' lang='lat' dir='ltr'><strong>ornamentis</strong></span> 
     </span>
     <span class='ocr_line' id='line_1_8' title="bbox 64 2785 1102 2916; baseline 0.003 -29"><span class='ocrx_word' id='word_1_34' title='bbox 64 2811 298 2913; x_wconf 83' lang='lat' dir='ltr'><strong>locupletare</strong></span> <span class='ocrx_word' id='word_1_35' title='bbox 324 2817 366 2886; x_wconf 91' lang='lat' dir='ltr'><strong>in</strong></span> <span class='ocrx_word' id='word_1_36' title='bbox 396 2818 562 2886; x_wconf 81' lang='lat' dir='ltr'><strong>animum</strong></span> <span class='ocrx_word' id='word_1_37' title='bbox 595 2810 811 2903; x_wconf 84' lang='lat' dir='ltr'><strong>induxerat,</strong></span> <span class='ocrx_word' id='word_1_38' title='bbox 853 2785 931 2884; x_wconf 74' lang='lat' dir='ltr'><strong>&#39;iam</strong></span> <span class='ocrx_word' id='word_1_39' title='bbox 958 2818 998 2886; x_wconf 91' lang='lat' dir='ltr'><strong>in</strong></span> <span class='ocrx_word' id='word_1_40' title='bbox 1028 2824 1102 2916; x_wconf 87' lang='lat' dir='ltr'><strong>pri-</strong></span> 
     </span>
     <span class='ocr_line' id='line_1_9' title="bbox 66 2963 1100 3068; baseline 0.002 -28"><span class='ocrx_word' id='word_1_41' title='bbox 66 2991 137 3040; x_wconf 87' lang='lat' dir='ltr'><strong>ore</strong></span> <span class='ocrx_word' id='word_1_42' title='bbox 171 2967 338 3042; x_wconf 89' lang='lat' dir='ltr'><strong>editione</strong></span> <span class='ocrx_word' id='word_1_43' title='bbox 346 2994 362 3055; x_wconf 58' lang='lat'><strong>,¹</strong></span> <span class='ocrx_word' id='word_1_44' title='bbox 409 2966 545 3068; x_wconf 82' lang='lat' dir='ltr'><strong>quibus</strong></span> <span class='ocrx_word' id='word_1_45' title='bbox 575 2967 639 3040; x_wconf 86' lang='lat' dir='ltr'><strong>illa</strong></span> <span class='ocrx_word' id='word_1_46' title='bbox 669 2965 802 3040; x_wconf 84' lang='lat' dir='ltr'><strong>talium</strong></span> <span class='ocrx_word' id='word_1_47' title='bbox 833 2963 1100 3064; x_wconf 81' lang='lat' dir='ltr'><strong>elegantiarum</strong></span> 
     </span>
     <span class='ocr_line' id='line_1_10' title="bbox 66 3115 1102 3198; baseline 0.003 -4"><span class='ocrx_word' id='word_1_48' title='bbox 66 3118 292 3194; x_wconf 81' lang='lat' dir='ltr'><strong>amatoribus</strong></span> <span class='ocrx_word' id='word_1_49' title='bbox 331 3117 367 3193; x_wconf 88' lang='lat' dir='ltr'><strong>se</strong></span> <span class='ocrx_word' id='word_1_50' title='bbox 407 3118 726 3194; x_wconf 86' lang='lat' dir='ltr'><strong>commendarent.</strong></span> <span class='ocrx_word' id='word_1_51' title='bbox 828 3115 943 3192; x_wconf 85' lang='lat' dir='ltr'><strong>Nolui</strong></span> <span class='ocrx_word' id='word_1_52' title='bbox 978 3119 1102 3198; x_wconf 87' lang='lat' dir='ltr'><strong>deesse</strong></span> 
     </span>
     <span class='ocr_line' id='line_1_11' title="bbox 65 3267 1102 3385; baseline 0.001 -38"><span class='ocrx_word' id='word_1_53' title='bbox 65 3299 141 3348; x_wconf 90' lang='lat' dir='ltr'><strong>nec</strong></span> <span class='ocrx_word' id='word_1_54' title='bbox 162 3272 344 3385; x_wconf 83' lang='lat' dir='ltr'><strong>voluntati</strong></span> <span class='ocrx_word' id='word_1_55' title='bbox 369 3276 448 3346; x_wconf 78' lang='lat' dir='ltr'><strong>eius</strong></span> <span class='ocrx_word' id='word_1_56' title='bbox 472 3298 545 3348; x_wconf 91' lang='lat' dir='ltr'><strong>nec</strong></span> <span class='ocrx_word' id='word_1_57' title='bbox 566 3269 743 3346; x_wconf 85' lang='lat' dir='ltr'><strong>honestae</strong></span> <span class='ocrx_word' id='word_1_58' title='bbox 766 3267 949 3344; x_wconf 89' lang='lat' dir='ltr'><strong>lectorum</strong></span> <span class='ocrx_word' id='word_1_59' title='bbox 972 3274 1102 3378; x_wconf 87' lang='lat' dir='ltr'><strong>volup·</strong></span> 
     </span>
     <span class='ocr_line' id='line_1_12' title="bbox 66 3423 1196 3526; baseline 0.001 -25"><span class='ocrx_word' id='word_1_60' title='bbox 66 3431 148 3502; x_wconf 80' lang='lat' dir='ltr'><strong>tati.</strong></span> <span class='ocrx_word' id='word_1_61' title='bbox 221 3424 534 3502; x_wconf 76' lang='lat' dir='ltr'><strong>hccommodauit</strong></span> <span class='ocrx_word' id='word_1_62' title='bbox 564 3423 782 3526; x_wconf 84' lang='lat' dir='ltr'><strong>graphidem</strong></span> <span class='ocrx_word' id='word_1_63' title='bbox 809 3427 862 3496; x_wconf 87' lang='lat' dir='ltr'><strong>vir</strong></span> <span class='ocrx_word' id='word_1_64' title='bbox 890 3425 1100 3524; x_wconf 77' lang='lat' dir='ltr'><strong>ingeniosus</strong></span> <span class='ocrx_word' id='word_1_65' title='bbox 1189 3437 1196 3456; x_wconf 85' lang='lat'><em>⁰</em></span> 
     </span>
     <span class='ocr_line' id='line_1_13' title="bbox 66 3575 1200 3680; baseline 0.001 -25"><span class='ocrx_word' id='word_1_66' title='bbox 66 3581 242 3680; x_wconf 83' lang='lat' dir='ltr'><strong>idemque</strong></span> <span class='ocrx_word' id='word_1_67' title='bbox 265 3583 434 3678; x_wconf 88' lang='lat' dir='ltr'><strong>picturae</strong></span> <span class='ocrx_word' id='word_1_68' title='bbox 458 3601 546 3652; x_wconf 90' lang='lat' dir='ltr'><strong>cum</strong></span> <span class='ocrx_word' id='word_1_69' title='bbox 565 3577 713 3652; x_wconf 86' lang='lat' dir='ltr'><strong>linearis</strong></span> <span class='ocrx_word' id='word_1_70' title='bbox 739 3596 820 3650; x_wconf 90' lang='lat' dir='ltr'><strong>tum</strong></span> <span class='ocrx_word' id='word_1_71' title='bbox 840 3581 1038 3678; x_wconf 86' lang='lat' dir='ltr'><strong>pigmentis</strong></span> <span class='ocrx_word' id='word_1_72' title='bbox 1059 3581 1102 3656; x_wconf 91' lang='lat' dir='ltr'><strong>il·</strong></span> <span class='ocrx_word' id='word_1_73' title='bbox 1170 3575 1200 3614; x_wconf 56' lang='grc'><strong>“</strong></span> 
     </span>
     <span class='ocr_line' id='line_1_14' title="bbox 67 3729 1099 3833; baseline -0.001 -24"><span class='ocrx_word' id='word_1_74' title='bbox 67 3731 235 3809; x_wconf 85' lang='lat' dir='ltr'><strong>lustratae</strong></span> <span class='ocrx_word' id='word_1_75' title='bbox 257 3730 504 3833; x_wconf 83' lang='lat' dir='ltr'><strong>historiaeque</strong></span> <span class='ocrx_word' id='word_1_76' title='bbox 524 3735 658 3804; x_wconf 78' lang='lat' dir='ltr'><strong>ortium</strong></span> <span class='ocrx_word' id='word_1_77' title='bbox 680 3729 814 3806; x_wconf 89' lang='lat' dir='ltr'><strong>doctus</strong></span> <span class='ocrx_word' id='word_1_78' title='bbox 837 3730 1015 3832; x_wconf 81' lang='lat' dir='ltr'><strong>magister,</strong></span> <span class='ocrx_word' id='word_1_79' title='bbox 1038 3739 1099 3812; x_wconf 90' lang='lat' dir='ltr'><strong>Io.</strong></span> 
     </span>
     <span class='ocr_line' id='line_1_15' title="bbox 67 3883 1100 3984; baseline 0.002 -24"><span class='ocrx_word' id='word_1_80' title='bbox 67 3889 297 3960; x_wconf 83' lang='lat' dir='ltr'><strong>Dominicus</strong></span> <span class='ocrx_word' id='word_1_81' title='bbox 317 3883 506 3974; x_wconf 69' lang='lat' dir='ltr'><strong>Hormo,</strong></span> <span class='ocrx_word' id='word_1_82' title='bbox 534 3903 730 3984; x_wconf 82' lang='lat' dir='ltr'><strong>apparatus</strong></span> <span class='ocrx_word' id='word_1_83' title='bbox 754 3884 1034 3984; x_wconf 86' lang='lat' dir='ltr'><strong>iconographici</strong></span> <span class='ocrx_word' id='word_1_84' title='bbox 1059 3891 1100 3962; x_wconf 93' lang='lat' dir='ltr'><strong>in</strong></span> 
     </span>
     <span class='ocr_line' id='line_1_16' title="bbox 66 4027 1100 4114; baseline -0.006 0"><span class='ocrx_word' id='word_1_85' title='bbox 66 4039 292 4114; x_wconf 85' lang='lat' dir='ltr'><strong>Bibliotheca</strong></span> <span class='ocrx_word' id='word_1_86' title='bbox 320 4035 442 4112; x_wconf 84' lang='lat' dir='ltr'><strong>nostra</strong></span> <span class='ocrx_word' id='word_1_87' title='bbox 464 4035 677 4112; x_wconf 83' lang='lat' dir='ltr'><strong>academica</strong></span> <span class='ocrx_word' id='word_1_88' title='bbox 699 4060 723 4106; x_wconf 87' lang='lat' dir='ltr'><strong>a</strong></span> <span class='ocrx_word' id='word_1_89' title='bbox 744 4057 845 4109; x_wconf 83' lang='lat' dir='ltr'><strong>cura.</strong></span> <span class='ocrx_word' id='word_1_90' title='bbox 896 4037 1027 4108; x_wconf 85' lang='lat' dir='ltr'><strong>Factus</strong></span> <span class='ocrx_word' id='word_1_91' title='bbox 1050 4027 1100 4110; x_wconf 88' lang='lat' dir='ltr'><strong>est</strong></span> 
     </span>
    </p>
   </div>
   <div class='ocr_carea' id='block_1_5' title="bbox 68 4193 1102 4402">
    <p class='ocr_par' dir='ltr' id='par_1_5' title="bbox 68 4193 1102 4402">
     <span class='ocr_line' id='line_1_17' title="bbox 68 4193 1102 4292; baseline -0.01 -22"><span class='ocrx_word' id='word_1_92' title='bbox 68 4193 220 4286; x_wconf 74' lang='lat' dir='ltr'><strong>dilectus</strong></span> <span class='ocrx_word' id='word_1_93' title='bbox 234 4215 373 4272; x_wconf 83' lang='lat' dir='ltr'><strong>rerum,</strong></span> <span class='ocrx_word' id='word_1_94' title='bbox 400 4216 498 4292; x_wconf 84' lang='lat' dir='ltr'><strong>quae</strong></span> <span class='ocrx_word' id='word_1_95' title='bbox 512 4215 584 4292; x_wconf 85' lang='lat' dir='ltr'><strong>pro</strong></span> <span class='ocrx_word' id='word_1_96' title='bbox 611 4205 834 4290; x_wconf 84' lang='lat' dir='ltr'><strong>argumento</strong></span> <span class='ocrx_word' id='word_1_97' title='bbox 860 4211 1102 4290; x_wconf 82' lang='lat' dir='ltr'><strong>parergorum</strong></span> 
     </span>
     <span class='ocr_line' id='line_1_18' title="bbox 633 4341 789 4402; baseline -0.006 0"><span class='ocrx_word' id='word_1_98' title='bbox 633 4341 659 4402; x_wconf 92' lang='lat' dir='ltr'>Z</span> <span class='ocrx_word' id='word_1_99' title='bbox 672 4365 688 4401; x_wconf 83' lang='lat' dir='ltr'>z</span> <span class='ocrx_word' id='word_1_100' title='bbox 700 4366 716 4400; x_wconf 83' lang='lat' dir='ltr'>z</span> <span class='ocrx_word' id='word_1_101' title='bbox 729 4363 746 4401; x_wconf 79' lang='lat' dir='ltr'><strong>a</strong></span> <span class='ocrx_word' id='word_1_102' title='bbox 772 4363 789 4401; x_wconf 77' lang='lat' dir='ltr'><strong>a</strong></span> 
     </span>
    </p>
   </div>
   <div class='ocr_carea' id='block_1_6' title="bbox 0 0 1510 5084">
    <p class='ocr_par' dir='ltr' id='par_1_6' title="bbox 0 0 1510 5084">
     <span class='ocr_line' id='line_1_19' title="bbox 0 0 1510 5084; baseline 0 0"><span class='ocrx_word' id='word_1_103' title='bbox 0 0 1510 5084; x_wconf 95' lang='lat' dir='ltr'><strong> </strong></span> 
     </span>
    </p>
   </div>
  </div>
 </body>
</html>
