3000 5084
409 371 913 488 rraeaoouvu
1104 395 1191 503 ,ps

120 599 321 663 ventilante.
347 609 352 616 '
378 595 504 661 Diserte
528 606 672 658 enarrata
692 591 772 669 bueo
797 615 815 656 a
837 589 990 679 Dionysro
1015 593 1114 655 Halic.
1137 573 1195 660 lib·

120 707 158 783 Ι,
184 729 212 770 c.
236 711 289 788 69.
310 728 343 788 p·
365 715 419 786 47.
481 703 571 766 Alter
590 722 703 763 numus
725 697 771 762 est
791 707 826 764 in
841 701 1006 779 'Numrsm
1032 725 1052 762 a
1075 687 1134 764 Mu
1151 727 1192 768 eo

102 815 287 906 ‘Arigom‘
320 816 377 876 To.
401 815 424 872 Ι
470 813 574 875 Numi
596 807 731 870 orbium
755 810 823 870 tob.
847 810 910 882 IV,
938 831 964 870 ιε
1019 811 1213 876 mathana*

125 927 178 984 ris
199 922 337 987 vrbisin
362 921 491 1005 Cypro,
524 920 574 980 'vti
588 919 707 982 ¹editur.
771 917 811 980 In
835 922 991 980 anteriore
1012 935 1103 1000 parte
1127 943 1197 983 cer.-

123 1035 223 1094 nitur
246 1045 341 1112 caput
361 1028 448 1090 Iouis
469 1027 664 1106 laureatnm3
691 1029 727 1087 in
749 1027 849 1087 altero
870 1025 982 1106 vulpes
1003 1025 1113 1088 sedens
1138 1049 1195 1090 aud

127 1154 171 1198 te
194 1137 359 1208 arborem,
393 1131 531 1196 insidiari
550 1139 626 1196 enm
647 1133 753 1195 credar
777 1133 928 1194 anemae.
966 1131 1060 1195 adscr.
1091 1137 1200 1202 ΑΜΑ.

125 1245 244 1306 Numo
267 1242 350 1304 vrbis
371 1244 496 1316 Sames,
529 1239 583 1302 seu
603 1239 847 1322 Cephalleniae,
883 1237 965 1300 ibid.
995 1239 1064 1302 tob.
1097 1245 1193 1313 XIX,

133 1373 201 1434 192
252 1352 456 1432 comparato,
497 1349 691 1410 intellectum
728 1345 789 1422 est,
828 1340 951 1408 ertritas
981 1346 1042 1410 esse
1074 1353 1107 1410 in
1135 1349 1192 1414 isto

127 1479 236 1523 numo
258 1457 395 1533 litteras,
419 1472 453 1518 et
473 1454 561 1517 suillo
583 1455 806 1523 ΣΑΜΑΙΩΝ.
830 1455 988 1536 Coeptum
1004 1477 1133 1540 quoque
1149 1457 1193 1522 est

132 1566 295 1641 dubitari,
329 1586 372 1626 an
399 1567 484 1625 canis
512 1563 566 1624 ille
592 1577 686 1647 typus
707 1559 752 1624 fit.
818 1563 851 1622 Si
875 1579 1061 1624 ornamenta
1084 1563 1193 1629 similia

134 1673 390 1759 quaerebantur,
418 1686 544 1753 poterat
566 1673 698 1751 exprimi
720 1690 846 1754 gemma
871 1691 920 1752 ap.
944 1667 1029 1750 Boffi
1055 1670 1195 1734 Gemme

135 1781 244 1860 incise
261 1802 296 1863 p.
315 1781 391 1860 406.
420 1777 488 1838 tab.
510 1781 555 1845 Is,
582 1777 645 1872 No.
665 1779 720 1842 38.
766 1793 821 1838 aut
848 1779 885 1836 in
908 1777 1032 1857 fronte
1058 1800 1092 1858 p.
1123 1783 1194 1862 195.

137 1891 200 1949 Mu
216 1891 250 1948 εἰ
275 1887 382 1970 Capit.
412 1887 468 1946 To.
490 1883 551 1945 IV.
593 1888 629 1944 in
649 1881 708 1946 illo
732 1883 815 1946 duae
836 1883 1009 1966 pantherae
1030 1881 1196 1952 affilientes

138 1997 326 2058 Terminurn
346 1989 572 2074 compatione
593 1986 763 2066 Bacchica3
806 1994 841 2053 in
862 1989 924 2054 hoo
945 1989 1085 2054 similiter
1111 1995 1194 2060 duae

141 2103 227 2166 serae
253 2107 333 2164 circa
354 2079 522 2182 fripodem.
562 2145 592 2154 ..

206 2256 276 2318 vn.
319 2277 353 2338 p.
377 2256 451 2336 789.
494 2249 689 2334 supplenda
712 2267 747 2312 et
771 2252 995 2318 emendanda.
1038 2258 1196 2342 Marsyas

138 2361 288 2448 pendens
315 2385 354 2424 ex
376 2359 465 2444 figno
487 2359 591 2421 nobili
611 2360 791 2424 Florentiae
821 2359 993 2424 alleruato:
1034 2367 1199 2432 Ιίαοοοὶια

143 2470 182 2530 di
209 2473 325 2531 Statue
350 2466 488 2526 antiche
518 2466 586 2529 tab.
616 2469 741 2541 xm
805 2471 940 2532 Nectum
965 2467 1008 2532 est
1030 2473 1136 2538 locum
1160 2501 1199 2541 ex

146 2577 210 2658 ipsa
231 2597 284 2637 re:
325 2577 473 2659 Quisquis
495 2575 623 2658 publice
653 2575 695 2635 ad
722 2577 890 2638 dicendum
923 2579 974 2638 vel
1003 2579 1200 2648 scribendum

144 2682 315 2766 prodierit,
360 2683 461 2742 multo
491 2701 569 2742 vero
599 2685 716 2764 magia,
756 2687 812 2774 qui
840 2687 875 2744 in
902 2691 1145 2766 interpretandis
1168 2709 1202 2756 et

147 2786 372 2851 constituendis
403 2786 603 2870 scriptoribus
634 2792 770 2873 antiquis
804 2810 935 2871 operam
966 2790 1049 2852 suam
1085 2799 1200 2878 posuit,

147 2912 298 2982 tanquam
320 2901 355 2956 in
376 2916 430 2972 re,
473 2917 554 2979 quae
581 2900 696 2977 partim
720 2918 738 2958 a
762 2897 905 2988 doctriua
929 2915 962 2959 et
982 2899 1099 2965 iudicio
1123 2928 1203 2986 pen.

150 3005 221 3080 det,
261 3008 378 3087 partim
398 3022 416 3063 a
438 3008 616 3064 coniectura
640 3020 673 3064 et
700 3001 868 3088 εὐστοχίᾳ,
904 3022 936 3068 et
958 3027 1039 3090 quae
1067 3019 1199 3079 omnino

147 3117 183 3174 in
197 3111 423 3194 probabilitatis
439 3130 556 3194 genere
570 3111 723 3186 versatur,
748 3111 790 3172 ad
802 3111 919 3174 iudicia
944 3113 1076 3177 aliorum
1097 3125 1132 3181 in
1157 3125 1203 3183 di·

149 3220 249 3282 versas
268 3227 387 3303 partes·
403 3216 524 3305 fingula
551 3224 733 3281 vocantium
759 3233 885 3300 paratus
908 3217 969 3282 elle
995 3223 1109 3308 debot;
1145 3229 1201 3292 ha.

149 3324 267 3411 batque
291 3327 379 3412 quod
399 3339 563 3407 precetur,
600 3341 635 3388 vt
659 3326 841 3407 Apollinem
865 3325 980 3389 babeat
999 3329 1069 3394 setis
1091 3343 1201 3420 propi.

151 3438 245 3508 tium,
281 3455 323 3496 ne
349 3426 500 3517 tanquam
522 3434 601 3494 alter
618 3429 755 3517 Marsyas
781 3431 938 3516 suspensus
966 3436 1066 3502 cultro
1088 3441 1202 3508 irrsesso

151 3545 327 3625 appetitus,
352 3557 424 3603 ente
439 3540 572 3624 derepta
586 3556 619 3603 et
640 3559 735 3628 carna
755 3538 875 3608 nudata
894 3541 1080 3624 supplicium
1104 3550 1181 3620 luat.

211 3696 296 3758 Vlll.
339 3717 372 3779 p.
395 3697 469 3778 798.
511 3698 548 3755 in
560 3695 637 3778 fine
657 3697 761 3772 totius
775 3700 893 3780 operis.
925 3699 1044 3784 ¹Siren,
1068 3709 1118 3764 cui
1132 3707 1205 3768 Mu.

151 3801 335 3885 lapsanas
363 3824 406 3862 ex
430 3804 496 3863 alis
520 3805 646 3866 euellit.
715 3804 862 3866 Exhibita
886 3825 925 3867 ea
954 3823 1022 3867 erat
1043 3810 1107 3870 iam
1129 3831 1203 3877 ante

152 3914 188 3972 in
207 3910 289 3988 Edit.
313 3909 365 3972 alt
390 3914 424 3970 in
445 3911 550 3972 fronte
581 3915 642 3974 To.
663 3911 719 3974 lv.
751 3933 802 3992 ex
824 3911 1002 3998 anaglypho
1029 3935 1078 3999 ep.
1111 3921 1205 3980 We.

155 4016 339 4078 clrelmann.
363 4017 457 4077 Mon.
485 4017 574 4080 ined.
604 4019 667 4080 No.
695 4015 768 4100 46.x
834 4021 954 4082 Notum
985 4019 1029 4084 est
1058 4025 1206 4090 Sirenum

158 4139 320 4186 certamen
347 4142 418 4182 cum
445 4121 558 4200 Musis,
602 4147 667 4210 quo
697 4130 799 4188 victae
826 4127 950 4208 puellae
978 4136 1092 4211 pennis
1119 4137 1208 4198 euni.

159 4229 197 4292 sn
225 4229 392 4311 implumes
420 4229 523 4292 sactae
560 4231 648 4293 sunta
699 4253 729 4294 v.
761 4233 891 4296 Pausan.
920 4235 985 4311 lx,
1017 4243 1071 4320 54
1136 4245 1210 4307 P01.

158 4333 197 4400 fis
224 4351 356 4422 putare,
399 4335 504 4398 Musas
532 4341 597 4401 iani
626 4339 660 4401 id
689 4339 812 4414 lacere,
855 4343 943 4425 quod
971 4343 1072 4410 solent
1093 4349 1212 4432 Critici,

752 4447 921 4511 Fssssa
