<?xml version="1.0" encoding="UTF-8"?>
<!DOCTYPE html PUBLIC "-//W3C//DTD XHTML 1.0 Transitional//EN"
    "http://www.w3.org/TR/xhtml1/DTD/xhtml1-transitional.dtd">
<html xmlns="http://www.w3.org/1999/xhtml" xml:lang="en" lang="en">
 <head>
  <title>
</title>
<meta http-equiv="Content-Type" content="text/html;charset=utf-8" />
  <meta name='ocr-system' content='tesseract 3.04.00' />
  <meta name='ocr-capabilities' content='ocr_page ocr_carea ocr_par ocr_line ocrx_word'/>
</head>
<body>
  <div class='ocr_page' id='page_1' title='image "./varietatelectio00virggoog_0807.png"; bbox 0 0 3000 5084; ppageno 0'>
   <div class='ocr_carea' id='block_1_1' title="bbox 361 349 1172 444">
    <p class='ocr_par' dir='ltr' id='par_1_1' title="bbox 361 349 1172 444">
     <span class='ocr_line' id='line_1_1' title="bbox 361 349 1172 444; baseline 0.012 -28"><span class='ocrx_word' id='word_1_1' title='bbox 361 349 944 422; x_wconf 70' lang='lat' dir='ltr'><strong>aramaaoaaot</strong></span> <span class='ocrx_word' id='word_1_2' title='bbox 1106 359 1172 444; x_wconf 66' lang='lat' dir='ltr'><strong>qm</strong></span> 
     </span>
    </p>
   </div>
   <div class='ocr_carea' id='block_1_2' title="bbox 5 525 1203 1046">
    <p class='ocr_par' dir='ltr' id='par_1_2' title="bbox 5 525 1203 1046">
     <span class='ocr_line' id='line_1_2' title="bbox 132 525 1172 613; baseline 0.008 -27"><span class='ocrx_word' id='word_1_3' title='bbox 132 571 156 601; x_wconf 83' lang='lat'><strong>,.</strong></span> <span class='ocrx_word' id='word_1_4' title='bbox 166 549 204 586; x_wconf 84' lang='lat' dir='ltr'><strong>ex</strong></span> <span class='ocrx_word' id='word_1_5' title='bbox 223 527 332 588; x_wconf 83' lang='lat' dir='ltr'><strong>eadem</strong></span> <span class='ocrx_word' id='word_1_6' title='bbox 348 528 446 608; x_wconf 78' lang='lat' dir='ltr'><strong>forta</strong></span> <span class='ocrx_word' id='word_1_7' title='bbox 465 525 565 604; x_wconf 52' lang='lat' dir='ltr'><strong>sunt,</strong></span> <span class='ocrx_word' id='word_1_8' title='bbox 583 551 664 613; x_wconf 86' lang='lat' dir='ltr'><strong>quae</strong></span> <span class='ocrx_word' id='word_1_9' title='bbox 685 530 810 592; x_wconf 78' lang='lat' dir='ltr'><strong>Seruius</strong></span> <span class='ocrx_word' id='word_1_10' title='bbox 832 530 872 590; x_wconf 85' lang='lat' dir='ltr'><strong>ad</strong></span> <span class='ocrx_word' id='word_1_11' title='bbox 893 530 971 591; x_wconf 71' lang='lat' dir='ltr'><strong>Aen.</strong></span> <span class='ocrx_word' id='word_1_12' title='bbox 993 529 1019 602; x_wconf 87' lang='lat' dir='ltr'><strong>l,</strong></span> <span class='ocrx_word' id='word_1_13' title='bbox 1043 535 1105 611; x_wconf 80' lang='lat'><strong>273</strong></span> <span class='ocrx_word' id='word_1_14' title='bbox 1138 547 1172 594; x_wconf 88' lang='lat' dir='ltr'><strong>et</strong></span> 
     </span>
     <span class='ocr_line' id='line_1_3' title="bbox 131 613 1172 697; baseline 0.004 -23"><span class='ocrx_word' id='word_1_15' title='bbox 131 614 189 685; x_wconf 74' lang='grc' dir='ltr'><strong>ΙΙΙ,</strong></span> <span class='ocrx_word' id='word_1_16' title='bbox 225 635 263 674; x_wconf 88' lang='grc' dir='ltr'><strong>ιο</strong></span> <span class='ocrx_word' id='word_1_17' title='bbox 293 623 444 676; x_wconf 82' lang='lat' dir='ltr'><strong>recitat.“</strong></span> <span class='ocrx_word' id='word_1_18' title='bbox 506 617 597 697; x_wconf 87' lang='lat' dir='ltr'><strong>Quae</strong></span> <span class='ocrx_word' id='word_1_19' title='bbox 623 619 748 677; x_wconf 78' lang='lat' dir='ltr'><strong>Semina</strong></span> <span class='ocrx_word' id='word_1_20' title='bbox 768 621 877 678; x_wconf 80' lang='lat' dir='ltr'>recitat</span> <span class='ocrx_word' id='word_1_21' title='bbox 895 613 1064 696; x_wconf 83' lang='lat' dir='ltr'><strong>posteriore</strong></span> <span class='ocrx_word' id='word_1_22' title='bbox 1088 619 1172 692; x_wconf 88' lang='lat' dir='ltr'><strong>loco,</strong></span> 
     </span>
     <span class='ocr_line' id='line_1_4' title="bbox 133 698 1203 784; baseline 0.005 -24"><span class='ocrx_word' id='word_1_23' title='bbox 133 698 214 760; x_wconf 83' lang='lat' dir='ltr'><strong>haec</strong></span> <span class='ocrx_word' id='word_1_24' title='bbox 229 698 313 762; x_wconf 85' lang='lat' dir='ltr'><strong>sont:</strong></span> <span class='ocrx_word' id='word_1_25' title='bbox 336 704 492 776; x_wconf 65' lang='lat' dir='ltr'><strong>„littora</strong></span> <span class='ocrx_word' id='word_1_26' title='bbox 513 717 584 762; x_wconf 82' lang='lat' dir='ltr'><strong>tam</strong></span> <span class='ocrx_word' id='word_1_27' title='bbox 602 706 738 784; x_wconf 75' lang='lat' dir='ltr'><em>patriae</em></span> <span class='ocrx_word' id='word_1_28' title='bbox 756 703 965 769; x_wconf 72' lang='lat' dir='ltr'><strong>lacrimas..</strong></span> <span class='ocrx_word' id='word_1_29' title='bbox 986 705 1077 763; x_wconf 81' lang='lat' dir='ltr'><strong>Amat</strong></span> <span class='ocrx_word' id='word_1_30' title='bbox 1093 725 1174 784; x_wconf 88' lang='lat' dir='ltr'><strong>poe·</strong></span> <span class='ocrx_word' id='word_1_31' title='bbox 1200 760 1203 778; x_wconf 25' lang='grc' dir='ltr'><em>ρ</em></span> 
     </span>
     <span class='ocr_line' id='line_1_5' title="bbox 5 785 1174 873; baseline 0.004 -28"><span class='ocrx_word' id='word_1_32' title='bbox 5 856 7 871; x_wconf 46' lang='grc' dir='ltr'>Ι</span> <span class='ocrx_word' id='word_1_33' title='bbox 134 801 184 862; x_wconf 86' lang='lat' dir='ltr'><strong>ta,</strong></span> <span class='ocrx_word' id='word_1_34' title='bbox 205 807 285 868; x_wconf 80' lang='lat' dir='ltr'><strong>quae</strong></span> <span class='ocrx_word' id='word_1_35' title='bbox 302 785 397 870; x_wconf 81' lang='lat' dir='ltr'><strong>legit,</strong></span> <span class='ocrx_word' id='word_1_36' title='bbox 424 794 590 850; x_wconf 80' lang='lat' dir='ltr'><strong>immutata</strong></span> <span class='ocrx_word' id='word_1_37' title='bbox 613 790 714 873; x_wconf 85' lang='lat' dir='ltr'><strong>aliqua</strong></span> <span class='ocrx_word' id='word_1_38' title='bbox 731 805 837 870; x_wconf 89' lang='lat' dir='ltr'><strong>parte,</strong></span> <span class='ocrx_word' id='word_1_39' title='bbox 866 791 916 852; x_wconf 86' lang='lat' dir='ltr'><strong>vel</strong></span> <span class='ocrx_word' id='word_1_40' title='bbox 937 789 1093 871; x_wconf 77' lang='lat' dir='ltr'><strong>perionis,</strong></span> <span class='ocrx_word' id='word_1_41' title='bbox 1125 795 1174 870; x_wconf 84' lang='lat' dir='ltr'><strong>ip-</strong></span> 
     </span>
     <span class='ocr_line' id='line_1_6' title="bbox 5 871 1172 955; baseline 0.003 -21"><span class='ocrx_word' id='word_1_42' title='bbox 5 878 7 883; x_wconf 85' lang='lat'>&#39;</span> <span class='ocrx_word' id='word_1_43' title='bbox 133 871 172 934; x_wconf 77' lang='lat' dir='ltr'><strong>fis</strong></span> <span class='ocrx_word' id='word_1_44' title='bbox 191 872 292 933; x_wconf 80' lang='lat' dir='ltr'><strong>verbis</strong></span> <span class='ocrx_word' id='word_1_45' title='bbox 313 877 464 955; x_wconf 78' lang='lat' dir='ltr'><strong>prolerre.</strong></span> <span class='ocrx_word' id='word_1_46' title='bbox 507 877 644 936; x_wconf 70' lang='lat' dir='ltr'><strong>Naeuius</strong></span> <span class='ocrx_word' id='word_1_47' title='bbox 668 879 753 936; x_wconf 81' lang='lat' dir='ltr'><strong>enim</strong></span> <span class='ocrx_word' id='word_1_48' title='bbox 773 877 891 940; x_wconf 84' lang='lat' dir='ltr'>inducit</span> <span class='ocrx_word' id='word_1_49' title='bbox 913 897 1021 938; x_wconf 81' lang='lat' dir='ltr'><strong>vxorea</strong></span> <span class='ocrx_word' id='word_1_50' title='bbox 1042 879 1172 938; x_wconf 84' lang='lat' dir='ltr'><strong>Aeneae</strong></span> 
     </span>
     <span class='ocr_line' id='line_1_7' title="bbox 6 957 1174 1046; baseline 0.007 -29"><span class='ocrx_word' id='word_1_51' title='bbox 6 971 11 979; x_wconf 89' lang='grc'>’</span> <span class='ocrx_word' id='word_1_52' title='bbox 136 973 169 1018; x_wconf 89' lang='lat' dir='ltr'><strong>et</strong></span> <span class='ocrx_word' id='word_1_53' title='bbox 189 957 337 1021; x_wconf 77' lang='lat' dir='ltr'>Anchisae</span> <span class='ocrx_word' id='word_1_54' title='bbox 358 983 429 1020; x_wconf 86' lang='lat' dir='ltr'><strong>cum</strong></span> <span class='ocrx_word' id='word_1_55' title='bbox 454 963 594 1046; x_wconf 81' lang='lat' dir='ltr'><strong>lacrymis</strong></span> <span class='ocrx_word' id='word_1_56' title='bbox 620 962 711 1025; x_wconf 80' lang='lat' dir='ltr'><strong>iliam</strong></span> <span class='ocrx_word' id='word_1_57' title='bbox 736 963 947 1044; x_wconf 81' lang='lat' dir='ltr'><strong>relinquentes</strong></span> <span class='ocrx_word' id='word_1_58' title='bbox 980 960 1027 1024; x_wconf 85' lang='lat' dir='ltr'><strong>hit</strong></span> <span class='ocrx_word' id='word_1_59' title='bbox 1054 961 1174 1024; x_wconf 80' lang='lat' dir='ltr'><strong>verbisr</strong></span> 
     </span>
    </p>
   </div>
   <div class='ocr_carea' id='block_1_3' title="bbox 4 1044 1175 1132">
    <p class='ocr_par' dir='ltr' id='par_1_3' title="bbox 4 1044 1175 1132">
     <span class='ocr_line' id='line_1_8' title="bbox 4 1044 1175 1132; baseline 0.003 -27"><span class='ocrx_word' id='word_1_60' title='bbox 4 1092 10 1132; x_wconf 69' lang='lat'><strong>³.</strong></span> <span class='ocrx_word' id='word_1_61' title='bbox 133 1044 324 1106; x_wconf 76' lang='lat' dir='ltr'><strong>Araborum</strong></span> <span class='ocrx_word' id='word_1_62' title='bbox 343 1069 464 1108; x_wconf 72' lang='lat' dir='ltr'><strong>exores</strong></span> <span class='ocrx_word' id='word_1_63' title='bbox 481 1063 580 1108; x_wconf 82' lang='lat' dir='ltr'><strong>noctu</strong></span> <span class='ocrx_word' id='word_1_64' title='bbox 602 1047 747 1108; x_wconf 78' lang='lat' dir='ltr'><strong>Troiade</strong></span> <span class='ocrx_word' id='word_1_65' title='bbox 768 1047 916 1116; x_wconf 73' lang='lat' dir='ltr'><strong>exibant,</strong></span> <span class='ocrx_word' id='word_1_66' title='bbox 941 1084 985 1096; x_wconf 91' lang='lat'>-</span> <span class='ocrx_word' id='word_1_67' title='bbox 1011 1049 1175 1130; x_wconf 71' lang='lat' dir='ltr'><em>capitibus</em></span> 
     </span>
    </p>
   </div>
   <div class='ocr_carea' id='block_1_4' title="bbox 136 1133 1176 1303">
    <p class='ocr_par' dir='ltr' id='par_1_4' title="bbox 136 1133 1176 1303">
     <span class='ocr_line' id='line_1_9' title="bbox 137 1133 1175 1213; baseline 0.003 -22"><span class='ocrx_word' id='word_1_68' title='bbox 137 1135 261 1213; x_wconf 82' lang='lat' dir='ltr'><strong>opertis</strong></span> <span class='ocrx_word' id='word_1_69' title='bbox 271 1133 396 1212; x_wconf 82' lang='lat' dir='ltr'><strong>flentes</strong></span> <span class='ocrx_word' id='word_1_70' title='bbox 419 1134 557 1202; x_wconf 84' lang='lat' dir='ltr'><strong>ambae,</strong></span> <span class='ocrx_word' id='word_1_71' title='bbox 584 1134 745 1194; x_wconf 78' lang='lat' dir='ltr'><strong>abertateo</strong></span> <span class='ocrx_word' id='word_1_72' title='bbox 770 1169 813 1184; x_wconf 93' lang='lat'><strong>-·</strong></span> <span class='ocrx_word' id='word_1_73' title='bbox 848 1135 959 1198; x_wconf 83' lang='lat' dir='ltr'><strong>maltis</strong></span> <span class='ocrx_word' id='word_1_74' title='bbox 980 1155 1055 1196; x_wconf 82' lang='lat' dir='ltr'><strong>cam</strong></span> <span class='ocrx_word' id='word_1_75' title='bbox 1075 1136 1175 1194; x_wconf 81' lang='lat' dir='ltr'><strong>lacri-</strong></span> 
     </span>
     <span class='ocr_line' id='line_1_10' title="bbox 136 1218 1176 1303; baseline 0.006 -27"><span class='ocrx_word' id='word_1_76' title='bbox 136 1220 208 1283; x_wconf 73' lang='lat' dir='ltr'><strong>mis.</strong></span> <span class='ocrx_word' id='word_1_77' title='bbox 271 1220 342 1281; x_wconf 89' lang='lat' dir='ltr'><strong>Hoc</strong></span> <span class='ocrx_word' id='word_1_78' title='bbox 364 1218 421 1282; x_wconf 87' lang='lat' dir='ltr'><strong>iste</strong></span> <span class='ocrx_word' id='word_1_79' title='bbox 458 1221 643 1303; x_wconf 80' lang='lat' dir='ltr'><strong>(Virgilius)</strong></span> <span class='ocrx_word' id='word_1_80' title='bbox 680 1223 820 1284; x_wconf 79' lang='lat' dir='ltr'>Aeneam</span> <span class='ocrx_word' id='word_1_81' title='bbox 849 1221 961 1284; x_wconf 85' lang='lat' dir='ltr'><strong>eodem</strong></span> <span class='ocrx_word' id='word_1_82' title='bbox 990 1225 1024 1283; x_wconf 87' lang='lat' dir='ltr'><strong>in</strong></span> <span class='ocrx_word' id='word_1_83' title='bbox 1053 1237 1176 1302; x_wconf 84' lang='lat' dir='ltr'><strong>tempo·</strong></span> 
     </span>
    </p>
   </div>
   <div class='ocr_carea' id='block_1_5' title="bbox 5 1303 1177 1382">
    <p class='ocr_par' dir='ltr' id='par_1_5' title="bbox 5 1303 1177 1382">
     <span class='ocr_line' id='line_1_11' title="bbox 5 1303 1177 1382; baseline 0.001 -18"><span class='ocrx_word' id='word_1_84' title='bbox 5 1336 7 1371; x_wconf 74' lang='lat'>3</span> <span class='ocrx_word' id='word_1_85' title='bbox 136 1325 173 1365; x_wconf 86' lang='lat' dir='ltr'><strong>re</strong></span> <span class='ocrx_word' id='word_1_86' title='bbox 202 1305 341 1366; x_wconf 75' lang='lat' dir='ltr'><strong>eiusdem</strong></span> <span class='ocrx_word' id='word_1_87' title='bbox 369 1310 416 1367; x_wconf 87' lang='lat' dir='ltr'><strong>rei</strong></span> <span class='ocrx_word' id='word_1_88' title='bbox 443 1304 541 1370; x_wconf 82' lang='lat' dir='ltr'><strong>ceolla</strong></span> <span class='ocrx_word' id='word_1_89' title='bbox 569 1308 688 1368; x_wconf 88' lang='lat' dir='ltr'>inducit</span> <span class='ocrx_word' id='word_1_90' title='bbox 714 1303 834 1382; x_wconf 82' lang='lat' dir='ltr'><strong>fecille,</strong></span> <span class='ocrx_word' id='word_1_91' title='bbox 870 1329 941 1370; x_wconf 85' lang='lat' dir='ltr'><strong>oum</strong></span> <span class='ocrx_word' id='word_1_92' title='bbox 971 1307 1061 1372; x_wconf 81' lang='lat' dir='ltr'><strong>dixit:</strong></span> <span class='ocrx_word' id='word_1_93' title='bbox 1105 1309 1177 1369; x_wconf 85' lang='lat' dir='ltr'><strong>Lit-</strong></span> 
     </span>
    </p>
   </div>
   <div class='ocr_carea' id='block_1_6' title="bbox 136 1394 1176 1546">
    <p class='ocr_par' dir='ltr' id='par_1_6' title="bbox 136 1394 1176 1546">
     <span class='ocr_line' id='line_1_12' title="bbox 138 1394 1176 1476; baseline 0.002 -26"><span class='ocrx_word' id='word_1_94' title='bbox 138 1405 216 1450; x_wconf 85' lang='lat' dir='ltr'><strong>tora</strong></span> <span class='ocrx_word' id='word_1_95' title='bbox 258 1408 329 1450; x_wconf 84' lang='lat' dir='ltr'><strong>tam</strong></span> <span class='ocrx_word' id='word_1_96' title='bbox 363 1395 501 1476; x_wconf 76' lang='lat' dir='ltr'><em>patriae</em></span> <span class='ocrx_word' id='word_1_97' title='bbox 539 1395 719 1456; x_wconf 77' lang='lat' dir='ltr'><strong>lacrimans</strong></span> <span class='ocrx_word' id='word_1_98' title='bbox 755 1409 939 1475; x_wconf 80' lang='lat' dir='ltr'><strong>portasque</strong></span> <span class='ocrx_word' id='word_1_99' title='bbox 982 1394 1176 1476; x_wconf 76' lang='lat' dir='ltr'><strong>reliaqrto.“</strong></span> 
     </span>
     <span class='ocr_line' id='line_1_13' title="bbox 136 1477 1176 1546; baseline 0.006 -10"><span class='ocrx_word' id='word_1_100' title='bbox 136 1477 225 1538; x_wconf 83' lang='lat' dir='ltr'><strong>Haec</strong></span> <span class='ocrx_word' id='word_1_101' title='bbox 259 1477 330 1538; x_wconf 87' lang='lat' dir='ltr'><strong>sunt</strong></span> <span class='ocrx_word' id='word_1_102' title='bbox 363 1481 463 1539; x_wconf 84' lang='lat' dir='ltr'><strong>Seruii</strong></span> <span class='ocrx_word' id='word_1_103' title='bbox 498 1479 603 1541; x_wconf 87' lang='lat' dir='ltr'><strong>verba.</strong></span> <span class='ocrx_word' id='word_1_104' title='bbox 667 1483 829 1542; x_wconf 80' lang='lat' dir='ltr'><strong>Hermann</strong></span> <span class='ocrx_word' id='word_1_105' title='bbox 864 1481 902 1540; x_wconf 89' lang='lat' dir='ltr'><strong>V.</strong></span> <span class='ocrx_word' id='word_1_106' title='bbox 932 1479 967 1544; x_wconf 85' lang='lat' dir='ltr'><strong>C.</strong></span> <span class='ocrx_word' id='word_1_107' title='bbox 1002 1480 1040 1546; x_wconf 87' lang='lat' dir='ltr'><strong>de</strong></span> <span class='ocrx_word' id='word_1_108' title='bbox 1070 1484 1176 1542; x_wconf 77' lang='lat' dir='ltr'><strong>metris</strong></span> 
     </span>
    </p>
   </div>
   <div class='ocr_carea' id='block_1_7' title="bbox 4 1565 1177 1739">
    <p class='ocr_par' dir='ltr' id='par_1_7' title="bbox 4 1565 1177 1739">
     <span class='ocr_line' id='line_1_14' title="bbox 4 1565 1177 1649; baseline 0.008 -30"><span class='ocrx_word' id='word_1_109' title='bbox 4 1580 12 1619; x_wconf 91' lang='lat'><strong>·.</strong></span> <span class='ocrx_word' id='word_1_110' title='bbox 139 1565 335 1628; x_wconf 86' lang='lat' dir='ltr'><strong>Graecorum</strong></span> <span class='ocrx_word' id='word_1_111' title='bbox 356 1581 388 1626; x_wconf 91' lang='lat' dir='ltr'><strong>et</strong></span> <span class='ocrx_word' id='word_1_112' title='bbox 405 1567 622 1628; x_wconf 86' lang='lat' dir='ltr'><strong>Romanorum</strong></span> <span class='ocrx_word' id='word_1_113' title='bbox 643 1588 674 1647; x_wconf 77' lang='lat' dir='ltr'><strong>p,</strong></span> <span class='ocrx_word' id='word_1_114' title='bbox 700 1569 763 1647; x_wconf 84' lang='lat'><strong>269</strong></span> <span class='ocrx_word' id='word_1_115' title='bbox 804 1571 987 1646; x_wconf 79' lang='lat' dir='ltr'><strong>pronuntiat</strong></span> <span class='ocrx_word' id='word_1_116' title='bbox 1018 1565 1093 1646; x_wconf 84' lang='lat' dir='ltr'><strong>(vbi</strong></span> <span class='ocrx_word' id='word_1_117' title='bbox 1113 1587 1177 1649; x_wconf 83' lang='lat' dir='ltr'><strong>ego</strong></span> 
     </span>
     <span class='ocr_line' id='line_1_15' title="bbox 4 1651 1176 1739; baseline 0.004 -31"><span class='ocrx_word' id='word_1_118' title='bbox 4 1730 8 1739; x_wconf 26' lang='grc' dir='ltr'><strong><em>ι</em></strong></span> <span class='ocrx_word' id='word_1_119' title='bbox 132 1651 231 1729; x_wconf 85' lang='lat' dir='ltr'><strong>forte</strong></span> <span class='ocrx_word' id='word_1_120' title='bbox 250 1651 405 1734; x_wconf 80' lang='lat' dir='ltr'><strong>dixeram)</strong></span> <span class='ocrx_word' id='word_1_121' title='bbox 434 1652 512 1714; x_wconf 87' lang='lat' dir='ltr'><strong>haec</strong></span> <span class='ocrx_word' id='word_1_122' title='bbox 534 1651 595 1714; x_wconf 84' lang='lat' dir='ltr'><strong>elle</strong></span> <span class='ocrx_word' id='word_1_123' title='bbox 618 1675 637 1713; x_wconf 94' lang='lat' dir='ltr'><strong>e</strong></span> <span class='ocrx_word' id='word_1_124' title='bbox 658 1655 772 1714; x_wconf 90' lang='lat' dir='ltr'><strong>Naeuii</strong></span> <span class='ocrx_word' id='word_1_125' title='bbox 792 1652 876 1712; x_wconf 90' lang='lat' dir='ltr'><strong>bello</strong></span> <span class='ocrx_word' id='word_1_126' title='bbox 900 1654 1039 1725; x_wconf 85' lang='lat' dir='ltr'><strong>Punico,</strong></span> <span class='ocrx_word' id='word_1_127' title='bbox 1070 1668 1103 1714; x_wconf 89' lang='lat' dir='ltr'><strong>et</strong></span> <span class='ocrx_word' id='word_1_128' title='bbox 1123 1673 1176 1713; x_wconf 86' lang='lat' dir='ltr'><strong>me</strong></span> 
     </span>
    </p>
   </div>
   <div class='ocr_carea' id='block_1_8' title="bbox 140 1735 1179 2080">
    <p class='ocr_par' dir='ltr' id='par_1_8' title="bbox 140 1735 1179 2080">
     <span class='ocr_line' id='line_1_16' title="bbox 140 1735 1179 1823; baseline 0.003 -26"><span class='ocrx_word' id='word_1_129' title='bbox 140 1735 217 1800; x_wconf 83' lang='lat' dir='ltr'><strong>haec</strong></span> <span class='ocrx_word' id='word_1_130' title='bbox 239 1757 306 1796; x_wconf 88' lang='lat' dir='ltr'><strong>non</strong></span> <span class='ocrx_word' id='word_1_131' title='bbox 334 1739 374 1802; x_wconf 87' lang='lat' dir='ltr'><strong>ad</strong></span> <span class='ocrx_word' id='word_1_132' title='bbox 404 1738 551 1823; x_wconf 76' lang='lat' dir='ltr'><strong>Cypriam</strong></span> <span class='ocrx_word' id='word_1_133' title='bbox 578 1739 706 1800; x_wconf 82' lang='lat' dir='ltr'><strong>Iliadem</strong></span> <span class='ocrx_word' id='word_1_134' title='bbox 735 1739 902 1800; x_wconf 86' lang='lat' dir='ltr'><strong>relaturum</strong></span> <span class='ocrx_word' id='word_1_135' title='bbox 932 1735 1037 1811; x_wconf 84' lang='lat' dir='ltr'><strong>luille,</strong></span> <span class='ocrx_word' id='word_1_136' title='bbox 1073 1737 1095 1800; x_wconf 86' lang='lat' dir='ltr'><strong>fi</strong></span> <span class='ocrx_word' id='word_1_137' title='bbox 1125 1759 1179 1800; x_wconf 87' lang='lat' dir='ltr'><strong>me</strong></span> 
     </span>
     <span class='ocr_line' id='line_1_17' title="bbox 140 1821 1176 1908; baseline 0 -23"><span class='ocrx_word' id='word_1_138' title='bbox 140 1843 208 1885; x_wconf 86' lang='lat' dir='ltr'><strong>non</strong></span> <span class='ocrx_word' id='word_1_139' title='bbox 240 1821 372 1884; x_wconf 86' lang='lat' dir='ltr'><strong>latuillet</strong></span> <span class='ocrx_word' id='word_1_140' title='bbox 414 1867 438 1900; x_wconf 81' lang='lat'><strong>,‚</strong></span> <span class='ocrx_word' id='word_1_141' title='bbox 450 1826 597 1908; x_wconf 74' lang='lat' dir='ltr'><strong>Cypriam</strong></span> <span class='ocrx_word' id='word_1_142' title='bbox 633 1825 763 1888; x_wconf 82' lang='lat' dir='ltr'><strong>Iliadem</strong></span> <span class='ocrx_word' id='word_1_143' title='bbox 796 1827 905 1886; x_wconf 87' lang='lat' dir='ltr'><strong>Laeuii</strong></span> <span class='ocrx_word' id='word_1_144' title='bbox 938 1829 1043 1906; x_wconf 80' lang='lat' dir='ltr'><strong>potius</strong></span> <span class='ocrx_word' id='word_1_145' title='bbox 1077 1823 1176 1900; x_wconf 81' lang='lat' dir='ltr'><strong>inille,</strong></span> 
     </span>
     <span class='ocr_line' id='line_1_18' title="bbox 142 1909 1178 1993; baseline 0.003 -24"><span class='ocrx_word' id='word_1_146' title='bbox 142 1931 235 1992; x_wconf 85' lang='lat' dir='ltr'><strong>quem</strong></span> <span class='ocrx_word' id='word_1_147' title='bbox 262 1909 391 1982; x_wconf 73' lang='lat' dir='ltr'><strong>Naeuii:</strong></span> <span class='ocrx_word' id='word_1_148' title='bbox 434 1911 495 1972; x_wconf 86' lang='lat' dir='ltr'><strong>hoo</strong></span> <span class='ocrx_word' id='word_1_149' title='bbox 521 1909 627 1972; x_wconf 80' lang='lat' dir='ltr'><strong>vidiile</strong></span> <span class='ocrx_word' id='word_1_150' title='bbox 652 1909 792 1973; x_wconf 86' lang='lat' dir='ltr'><strong>Voillum</strong></span> <span class='ocrx_word' id='word_1_151' title='bbox 820 1911 859 1972; x_wconf 88' lang='lat' dir='ltr'><strong>de</strong></span> <span class='ocrx_word' id='word_1_152' title='bbox 890 1911 1097 1993; x_wconf 78' lang='lat' dir='ltr'><strong>Analog.111,</strong></span> <span class='ocrx_word' id='word_1_153' title='bbox 1123 1915 1178 1976; x_wconf 81' lang='lat'><strong>35.</strong></span> 
     </span>
     <span class='ocr_line' id='line_1_19' title="bbox 141 1997 1179 2080; baseline 0.003 -25"><span class='ocrx_word' id='word_1_154' title='bbox 141 1998 329 2060; x_wconf 82' lang='lat' dir='ltr'><strong>Scriuerium</strong></span> <span class='ocrx_word' id='word_1_155' title='bbox 357 2014 462 2063; x_wconf 85' lang='lat' dir='ltr'><strong>autem</strong></span> <span class='ocrx_word' id='word_1_156' title='bbox 491 2002 525 2061; x_wconf 87' lang='lat' dir='ltr'><strong>in</strong></span> <span class='ocrx_word' id='word_1_157' title='bbox 552 1999 662 2062; x_wconf 87' lang='lat' dir='ltr'><strong>Beudii</strong></span> <span class='ocrx_word' id='word_1_158' title='bbox 689 1997 854 2060; x_wconf 81' lang='lat' dir='ltr'><strong>Amoribus</strong></span> <span class='ocrx_word' id='word_1_159' title='bbox 889 2020 920 2080; x_wconf 87' lang='lat' dir='ltr'><strong>p.</strong></span> <span class='ocrx_word' id='word_1_160' title='bbox 950 1998 1014 2076; x_wconf 75' lang='lat'><strong>416</strong></span> <span class='ocrx_word' id='word_1_161' title='bbox 1068 1999 1179 2058; x_wconf 83' lang='lat' dir='ltr'><strong>Ninnii</strong></span> 
     </span>
    </p>
   </div>
   <div class='ocr_carea' id='block_1_9' title="bbox 4 2068 1178 2164">
    <p class='ocr_par' dir='ltr' id='par_1_9' title="bbox 4 2068 1178 2164">
     <span class='ocr_line' id='line_1_20' title="bbox 4 2068 1178 2164; baseline 0.003 -23"><span class='ocrx_word' id='word_1_162' title='bbox 4 2068 13 2107; x_wconf 69' lang='lat'>²</span> <span class='ocrx_word' id='word_1_163' title='bbox 140 2098 252 2164; x_wconf 85' lang='lat' dir='ltr'><strong>putare</strong></span> <span class='ocrx_word' id='word_1_164' title='bbox 273 2081 374 2150; x_wconf 76' lang='lat' dir='ltr'><strong>ell&#39;e.“</strong></span> <span class='ocrx_word' id='word_1_165' title='bbox 439 2086 563 2160; x_wconf 84' lang='lat' dir='ltr'><strong>Primo,</strong></span> <span class='ocrx_word' id='word_1_166' title='bbox 585 2086 754 2152; x_wconf 76' lang='lat' dir='ltr'><strong>Setiuerius</strong></span> <span class='ocrx_word' id='word_1_167' title='bbox 772 2098 891 2164; x_wconf 81' lang='lat' dir='ltr'><strong>putat,</strong></span> <span class='ocrx_word' id='word_1_168' title='bbox 918 2083 1013 2158; x_wconf 81' lang='lat' dir='ltr'><strong>alter,</strong></span> <span class='ocrx_word' id='word_1_169' title='bbox 1044 2082 1178 2157; x_wconf 83' lang='lat' dir='ltr'><strong>Vosslus,</strong></span> 
     </span>
    </p>
   </div>
   <div class='ocr_carea' id='block_1_10' title="bbox 102 2169 1212 3460">
    <p class='ocr_par' dir='ltr' id='par_1_10' title="bbox 102 2169 1212 3460">
     <span class='ocr_line' id='line_1_21' title="bbox 102 2169 1180 2253; baseline 0.004 -25"><span class='ocrx_word' id='word_1_170' title='bbox 102 2175 107 2182; x_wconf 79' lang='grc'><strong><em>’</em></strong></span> <span class='ocrx_word' id='word_1_171' title='bbox 142 2189 209 2229; x_wconf 84' lang='lat' dir='ltr'><strong>non</strong></span> <span class='ocrx_word' id='word_1_172' title='bbox 229 2175 325 2252; x_wconf 81' lang='lat' dir='ltr'><strong>magis</strong></span> <span class='ocrx_word' id='word_1_173' title='bbox 345 2169 474 2251; x_wconf 86' lang='lat' dir='ltr'><strong>probet,</strong></span> <span class='ocrx_word' id='word_1_174' title='bbox 490 2170 563 2232; x_wconf 80' lang='lat' dir='ltr'><strong>·l&#39;ed</strong></span> <span class='ocrx_word' id='word_1_175' title='bbox 585 2186 713 2253; x_wconf 79' lang='lat' dir='ltr'><strong>putat,.</strong></span> <span class='ocrx_word' id='word_1_176' title='bbox 739 2169 804 2230; x_wconf 86' lang='lat' dir='ltr'><strong>fine</strong></span> <span class='ocrx_word' id='word_1_177' title='bbox 825 2176 1022 2237; x_wconf 73' lang='lat' dir='ltr'><strong>auctoritate:</strong></span> <span class='ocrx_word' id='word_1_178' title='bbox 1060 2170 1180 2232; x_wconf 81' lang='lat' dir='ltr'><strong>Contra</strong></span> 
     </span>
     <span class='ocr_line' id='line_1_22' title="bbox 143 2253 1212 2336; baseline 0.002 -20"><span class='ocrx_word' id='word_1_179' title='bbox 143 2253 278 2336; x_wconf 84' lang='lat' dir='ltr'><strong>exprella</strong></span> <span class='ocrx_word' id='word_1_180' title='bbox 294 2255 337 2318; x_wconf 87' lang='lat' dir='ltr'><strong>est</strong></span> <span class='ocrx_word' id='word_1_181' title='bbox 350 2261 514 2321; x_wconf 74' lang='lat' dir='ltr'><strong>auctoritas</strong></span> <span class='ocrx_word' id='word_1_182' title='bbox 536 2256 664 2320; x_wconf 84' lang='lat' dir='ltr'><strong>Charifii</strong></span> <span class='ocrx_word' id='word_1_183' title='bbox 681 2254 753 2322; x_wconf 80' lang='lat' dir='ltr'><strong>lnst.</strong></span> <span class='ocrx_word' id='word_1_184' title='bbox 775 2257 912 2318; x_wconf 85' lang='lat' dir='ltr'><strong>Gramm.</strong></span> <span class='ocrx_word' id='word_1_185' title='bbox 933 2256 986 2318; x_wconf 91' lang='lat' dir='ltr'><strong>lib.</strong></span> <span class='ocrx_word' id='word_1_186' title='bbox 1004 2255 1030 2328; x_wconf 81' lang='grc' dir='ltr'><strong>Ι,</strong></span> <span class='ocrx_word' id='word_1_187' title='bbox 1052 2279 1083 2336; x_wconf 86' lang='lat' dir='ltr'><strong>p.</strong></span> <span class='ocrx_word' id='word_1_188' title='bbox 1109 2260 1179 2320; x_wconf 82' lang='lat'>118.</span> <span class='ocrx_word' id='word_1_189' title='bbox 1201 2301 1212 2318; x_wconf 77' lang='lat'><strong><em>.</em></strong></span> 
     </span>
     <span class='ocr_line' id='line_1_23' title="bbox 142 2343 1180 2428; baseline 0.002 -28"><span class='ocrx_word' id='word_1_190' title='bbox 142 2343 311 2416; x_wconf 78' lang='lat' dir='ltr'><strong>„Naeuius</strong></span> <span class='ocrx_word' id='word_1_191' title='bbox 331 2345 464 2428; x_wconf 87' lang='lat' dir='ltr'><strong>Cypriae</strong></span> <span class='ocrx_word' id='word_1_192' title='bbox 484 2344 598 2405; x_wconf 79' lang='lat' dir='ltr'><strong>Iliados</strong></span> <span class='ocrx_word' id='word_1_193' title='bbox 618 2345 700 2408; x_wconf 89' lang='lat' dir='ltr'><strong>libro</strong></span> <span class='ocrx_word' id='word_1_194' title='bbox 725 2344 749 2407; x_wconf 89' lang='lat' dir='ltr'><strong>I.</strong></span> <span class='ocrx_word' id='word_1_195' title='bbox 799 2343 926 2405; x_wconf 85' lang='lat' dir='ltr'><strong>Collum</strong></span> <span class='ocrx_word' id='word_1_196' title='bbox 957 2363 1180 2403; x_wconf 80' lang='lat' dir='ltr'><strong>marmoreum</strong></span> 
     </span>
     <span class='ocr_line' id='line_1_24' title="bbox 145 2428 1177 2510; baseline 0.004 -24"><span class='ocrx_word' id='word_1_197' title='bbox 145 2431 274 2506; x_wconf 73' lang='lat' dir='ltr'><strong>torquis</strong></span> <span class='ocrx_word' id='word_1_198' title='bbox 291 2445 461 2507; x_wconf 79' lang='lat' dir='ltr'><strong>gemmata</strong></span> <span class='ocrx_word' id='word_1_199' title='bbox 480 2439 654 2493; x_wconf 80' lang='lat' dir='ltr'><strong>coronat.“</strong></span> <span class='ocrx_word' id='word_1_200' title='bbox 696 2432 737 2491; x_wconf 85' lang='lat' dir='ltr'><strong>Et</strong></span> <span class='ocrx_word' id='word_1_201' title='bbox 751 2429 921 2492; x_wconf 77' lang='lat' dir='ltr'><strong>Priscianus</strong></span> <span class='ocrx_word' id='word_1_202' title='bbox 937 2428 991 2492; x_wconf 88' lang='lat' dir='ltr'><strong>lib.</strong></span> <span class='ocrx_word' id='word_1_203' title='bbox 1007 2431 1049 2502; x_wconf 83' lang='lat' dir='ltr'><strong>X,</strong></span> <span class='ocrx_word' id='word_1_204' title='bbox 1064 2451 1098 2510; x_wconf 85' lang='lat' dir='ltr'><strong>p.</strong></span> <span class='ocrx_word' id='word_1_205' title='bbox 1116 2432 1177 2494; x_wconf 80' lang='lat'><strong>881</strong></span> 
     </span>
     <span class='ocr_line' id='line_1_25' title="bbox 145 2512 1181 2600; baseline 0.002 -28"><span class='ocrx_word' id='word_1_206' title='bbox 145 2512 265 2572; x_wconf 82' lang='lat' dir='ltr'><strong>Petsch.</strong></span> <span class='ocrx_word' id='word_1_207' title='bbox 287 2558 310 2588; x_wconf 87' lang='lat'><strong>‚‚</strong></span> <span class='ocrx_word' id='word_1_208' title='bbox 319 2516 455 2576; x_wconf 86' lang='lat' dir='ltr'><strong>Naeuius</strong></span> <span class='ocrx_word' id='word_1_209' title='bbox 476 2521 511 2574; x_wconf 91' lang='lat' dir='ltr'><strong>in</strong></span> <span class='ocrx_word' id='word_1_210' title='bbox 529 2518 617 2580; x_wconf 84' lang='lat' dir='ltr'><strong>Iliad.</strong></span> <span class='ocrx_word' id='word_1_211' title='bbox 639 2515 671 2576; x_wconf 87' lang='lat' dir='ltr'><strong>ll</strong></span> <span class='ocrx_word' id='word_1_212' title='bbox 698 2515 853 2578; x_wconf 83' lang='lat' dir='ltr'><strong>Fecaado</strong></span> <span class='ocrx_word' id='word_1_213' title='bbox 872 2530 1029 2600; x_wconf 79' lang='lat' dir='ltr'><strong>penetrat</strong></span> <span class='ocrx_word' id='word_1_214' title='bbox 1045 2517 1181 2596; x_wconf 81' lang='lat' dir='ltr'><strong>penitus</strong></span> 
     </span>
     <span class='ocr_line' id='line_1_26' title="bbox 146 2597 1182 2684; baseline 0.007 -26"><span class='ocrx_word' id='word_1_215' title='bbox 146 2597 360 2683; x_wconf 71' lang='lat' dir='ltr'><strong>thalamoque</strong></span> <span class='ocrx_word' id='word_1_216' title='bbox 385 2603 556 2682; x_wconf 81' lang='lat' dir='ltr'><strong>petitar.“</strong></span> <span class='ocrx_word' id='word_1_217' title='bbox 611 2605 729 2663; x_wconf 89' lang='lat' dir='ltr'><strong>Porro:</strong></span> <span class='ocrx_word' id='word_1_218' title='bbox 764 2605 874 2662; x_wconf 86' lang='lat' dir='ltr'><strong>Laeuii</strong></span> <span class='ocrx_word' id='word_1_219' title='bbox 905 2598 992 2663; x_wconf 81' lang='lat' dir='ltr'><strong>iuiile</strong></span> <span class='ocrx_word' id='word_1_220' title='bbox 1020 2600 1182 2684; x_wconf 59' lang='lat' dir='ltr'><strong>&amp;parmai-</strong></span> 
     </span>
     <span class='ocr_line' id='line_1_27' title="bbox 145 2685 1182 2770; baseline 0 -23"><span class='ocrx_word' id='word_1_221' title='bbox 145 2707 237 2758; x_wconf 68' lang='grc' dir='ltr'><strong><em>γνιον,</em></strong></span> <span class='ocrx_word' id='word_1_222' title='bbox 259 2706 277 2746; x_wconf 85' lang='lat' dir='ltr'><strong>e</strong></span> <span class='ocrx_word' id='word_1_223' title='bbox 299 2700 362 2768; x_wconf 85' lang='lat' dir='ltr'><strong>quo</strong></span> <span class='ocrx_word' id='word_1_224' title='bbox 379 2685 478 2747; x_wconf 86' lang='lat' dir='ltr'><strong>lambi</strong></span> <span class='ocrx_word' id='word_1_225' title='bbox 491 2686 630 2761; x_wconf 87' lang='lat' dir='ltr'><strong>dimetri,</strong></span> <span class='ocrx_word' id='word_1_226' title='bbox 654 2700 687 2746; x_wconf 88' lang='lat' dir='ltr'><strong>et</strong></span> <span class='ocrx_word' id='word_1_227' title='bbox 699 2707 814 2769; x_wconf 84' lang='lat' dir='ltr'><strong>poema</strong></span> <span class='ocrx_word' id='word_1_228' title='bbox 831 2687 878 2755; x_wconf 88' lang='lat'><strong>10,</strong></span> <span class='ocrx_word' id='word_1_229' title='bbox 900 2707 996 2770; x_wconf 87' lang='lat' dir='ltr'><strong>equo</strong></span> <span class='ocrx_word' id='word_1_230' title='bbox 1016 2686 1182 2747; x_wconf 76' lang='lat' dir='ltr'><strong>scazontes</strong></span> 
     </span>
     <span class='ocr_line' id='line_1_28' title="bbox 145 2770 1184 2853; baseline 0.001 -23"><span class='ocrx_word' id='word_1_231' title='bbox 145 2771 327 2841; x_wconf 85' lang='lat' dir='ltr'><strong>laudantur,</strong></span> <span class='ocrx_word' id='word_1_232' title='bbox 356 2771 519 2853; x_wconf 81' lang='lat' dir='ltr'><strong>probabile</strong></span> <span class='ocrx_word' id='word_1_233' title='bbox 539 2773 619 2834; x_wconf 83' lang='lat' dir='ltr'><strong>forte</strong></span> <span class='ocrx_word' id='word_1_234' title='bbox 638 2770 674 2831; x_wconf 83' lang='lat' dir='ltr'><strong>fit</strong></span> <span class='ocrx_word' id='word_1_235' title='bbox 694 2791 731 2833; x_wconf 82' lang='lat' dir='ltr'><strong>ex</strong></span> <span class='ocrx_word' id='word_1_236' title='bbox 752 2773 840 2834; x_wconf 89' lang='lat' dir='ltr'><strong>dictis</strong></span> <span class='ocrx_word' id='word_1_237' title='bbox 860 2793 878 2830; x_wconf 84' lang='lat' dir='ltr'><strong>a</strong></span> <span class='ocrx_word' id='word_1_238' title='bbox 901 2771 1071 2840; x_wconf 78' lang='lat' dir='ltr'><strong>Scriueri03</strong></span> <span class='ocrx_word' id='word_1_239' title='bbox 1111 2794 1184 2831; x_wconf 87' lang='lat' dir='ltr'><strong>eum</strong></span> 
     </span>
     <span class='ocr_line' id='line_1_29' title="bbox 146 2851 1185 2939; baseline -0.004 -21"><span class='ocrx_word' id='word_1_240' title='bbox 146 2857 340 2920; x_wconf 85' lang='lat' dir='ltr'><strong>hexametros</strong></span> <span class='ocrx_word' id='word_1_241' title='bbox 354 2855 508 2939; x_wconf 86' lang='lat' dir='ltr'><strong>scripfiffie</strong></span> <span class='ocrx_word' id='word_1_242' title='bbox 522 2877 618 2920; x_wconf 85' lang='lat' dir='ltr'><strong>nemo</strong></span> <span class='ocrx_word' id='word_1_243' title='bbox 630 2859 734 2922; x_wconf 82' lang='lat' dir='ltr'><strong>dooet.</strong></span> <span class='ocrx_word' id='word_1_244' title='bbox 776 2860 889 2918; x_wconf 83' lang='lat' dir='ltr'><strong>Naeuii</strong></span> <span class='ocrx_word' id='word_1_245' title='bbox 910 2871 1018 2918; x_wconf 86' lang='lat' dir='ltr'><strong>contra</strong></span> <span class='ocrx_word' id='word_1_246' title='bbox 1034 2851 1092 2917; x_wconf 82' lang='lat' dir='ltr'><strong>luit</strong></span> <span class='ocrx_word' id='word_1_247' title='bbox 1110 2858 1185 2917; x_wconf 54' lang='lat' dir='ltr'><strong>Car*</strong></span> 
     </span>
     <span class='ocr_line' id='line_1_30' title="bbox 146 2941 1185 3008; baseline 0.002 -4"><span class='ocrx_word' id='word_1_248' title='bbox 146 2945 285 3006; x_wconf 79' lang='lat' dir='ltr'><strong>tuende</strong></span> <span class='ocrx_word' id='word_1_249' title='bbox 314 2944 397 3007; x_wconf 84' lang='lat' dir='ltr'><strong>hello</strong></span> <span class='ocrx_word' id='word_1_250' title='bbox 429 2946 565 3007; x_wconf 87' lang='lat' dir='ltr'><strong>Punico:</strong></span> <span class='ocrx_word' id='word_1_251' title='bbox 608 2967 663 3006; x_wconf 88' lang='lat' dir='ltr'><strong>cur</strong></span> <span class='ocrx_word' id='word_1_252' title='bbox 685 2964 755 3006; x_wconf 88' lang='lat' dir='ltr'><strong>non</strong></span> <span class='ocrx_word' id='word_1_253' title='bbox 782 2944 866 3004; x_wconf 86' lang='lat' dir='ltr'><strong>idern</strong></span> <span class='ocrx_word' id='word_1_254' title='bbox 896 2944 1025 3008; x_wconf 86' lang='lat' dir='ltr'><strong>Iliadem</strong></span> <span class='ocrx_word' id='word_1_255' title='bbox 1053 2941 1185 3006; x_wconf 78' lang='lat' dir='ltr'><strong>scriber&#39;a</strong></span> 
     </span>
     <span class='ocr_line' id='line_1_31' title="bbox 146 3028 1187 3114; baseline -0.006 -24"><span class='ocrx_word' id='word_1_256' title='bbox 146 3036 303 3112; x_wconf 88' lang='lat' dir='ltr'><strong>potuerit,</strong></span> <span class='ocrx_word' id='word_1_257' title='bbox 339 3053 433 3114; x_wconf 84' lang='lat' dir='ltr'><strong>qnam</strong></span> <span class='ocrx_word' id='word_1_258' title='bbox 464 3028 606 3111; x_wconf 80' lang='lat' dir='ltr'><strong>exprellls</strong></span> <span class='ocrx_word' id='word_1_259' title='bbox 629 3029 730 3093; x_wconf 75' lang='lat' dir='ltr'><strong>verbis</strong></span> <span class='ocrx_word' id='word_1_260' title='bbox 752 3045 929 3092; x_wconf 84' lang='lat' dir='ltr'><strong>memorant</strong></span> <span class='ocrx_word' id='word_1_261' title='bbox 948 3029 1012 3088; x_wconf 86' lang='lat' dir='ltr'><strong>duo</strong></span> <span class='ocrx_word' id='word_1_262' title='bbox 1034 3049 1187 3111; x_wconf 74' lang='lat' dir='ltr'><strong>gramma.</strong></span> 
     </span>
     <span class='ocr_line' id='line_1_32' title="bbox 147 3113 1186 3200; baseline 0 -24"><span class='ocrx_word' id='word_1_263' title='bbox 147 3121 219 3186; x_wconf 81' lang='lat' dir='ltr'><strong>tici,</strong></span> <span class='ocrx_word' id='word_1_264' title='bbox 239 3117 386 3198; x_wconf 84' lang='lat' dir='ltr'><strong>equidem</strong></span> <span class='ocrx_word' id='word_1_265' title='bbox 406 3116 490 3177; x_wconf 87' lang='lat' dir='ltr'><strong>haud</strong></span> <span class='ocrx_word' id='word_1_266' title='bbox 507 3115 661 3200; x_wconf 76' lang='lat' dir='ltr'><strong>alloquor.</strong></span> <span class='ocrx_word' id='word_1_267' title='bbox 704 3119 736 3176; x_wconf 86' lang='lat' dir='ltr'><strong>Si</strong></span> <span class='ocrx_word' id='word_1_268' title='bbox 757 3119 875 3178; x_wconf 85' lang='lat' dir='ltr'><strong>Ennius</strong></span> <span class='ocrx_word' id='word_1_269' title='bbox 897 3137 965 3176; x_wconf 88' lang='lat' dir='ltr'><strong>eam</strong></span> <span class='ocrx_word' id='word_1_270' title='bbox 986 3113 1041 3176; x_wconf 85' lang='lat' dir='ltr'><strong>libi</strong></span> <span class='ocrx_word' id='word_1_271' title='bbox 1061 3117 1186 3176; x_wconf 85' lang='lat' dir='ltr'><strong>laudem</strong></span> 
     </span>
     <span class='ocr_line' id='line_1_33' title="bbox 148 3199 1186 3285; baseline 0.002 -25"><span class='ocrx_word' id='word_1_272' title='bbox 148 3203 301 3274; x_wconf 82' lang='lat' dir='ltr'><strong>vindicat,</strong></span> <span class='ocrx_word' id='word_1_273' title='bbox 325 3203 354 3264; x_wconf 85' lang='lat' dir='ltr'><strong>se</strong></span> <span class='ocrx_word' id='word_1_274' title='bbox 376 3208 511 3285; x_wconf 86' lang='lat' dir='ltr'><strong>primum</strong></span> <span class='ocrx_word' id='word_1_275' title='bbox 531 3202 673 3265; x_wconf 79' lang='lat' dir='ltr'><strong>heroicos</strong></span> <span class='ocrx_word' id='word_1_276' title='bbox 691 3203 793 3264; x_wconf 82' lang='lat' dir='ltr'><strong>versus</strong></span> <span class='ocrx_word' id='word_1_277' title='bbox 814 3199 974 3284; x_wconf 80' lang='lat' dir='ltr'><strong>fcripfiffe,</strong></span> <span class='ocrx_word' id='word_1_278' title='bbox 1004 3202 1098 3262; x_wconf 80' lang='lat' dir='ltr'><strong>alium</strong></span> <span class='ocrx_word' id='word_1_279' title='bbox 1118 3201 1186 3262; x_wconf 85' lang='lat' dir='ltr'><strong>san-</strong></span> 
     </span>
     <span class='ocr_line' id='line_1_34' title="bbox 149 3286 1185 3378; baseline 0.008 -31"><span class='ocrx_word' id='word_1_280' title='bbox 149 3286 214 3347; x_wconf 82' lang='lat' dir='ltr'><strong>ium</strong></span> <span class='ocrx_word' id='word_1_281' title='bbox 237 3287 432 3363; x_wconf 82' lang='lat' dir='ltr'><strong>nechabet,</strong></span> <span class='ocrx_word' id='word_1_282' title='bbox 466 3309 528 3350; x_wconf 85' lang='lat' dir='ltr'><strong>nec</strong></span> <span class='ocrx_word' id='word_1_283' title='bbox 546 3289 662 3351; x_wconf 89' lang='lat' dir='ltr'><strong>habere</strong></span> <span class='ocrx_word' id='word_1_284' title='bbox 683 3286 802 3372; x_wconf 86' lang='lat' dir='ltr'><strong>potest,</strong></span> <span class='ocrx_word' id='word_1_285' title='bbox 840 3309 934 3372; x_wconf 84' lang='lat' dir='ltr'><strong>quam</strong></span> <span class='ocrx_word' id='word_1_286' title='bbox 956 3295 1185 3378; x_wconf 75' lang='lat' dir='ltr'><strong>cumprimum</strong></span> 
     </span>
     <span class='ocr_line' id='line_1_35' title="bbox 149 3371 1021 3460; baseline 0.003 -22"><span class='ocrx_word' id='word_1_287' title='bbox 149 3371 284 3438; x_wconf 77' lang='lat' dir='ltr'><strong>seuerior</strong></span> <span class='ocrx_word' id='word_1_288' title='bbox 307 3376 348 3440; x_wconf 85' lang='lat' dir='ltr'><strong>ad</strong></span> <span class='ocrx_word' id='word_1_289' title='bbox 368 3390 466 3441; x_wconf 74' lang='lat' dir='ltr'><strong>certat</strong></span> <span class='ocrx_word' id='word_1_290' title='bbox 486 3377 571 3460; x_wconf 80' lang='lat' dir='ltr'><strong>leger</strong></span> <span class='ocrx_word' id='word_1_291' title='bbox 592 3376 788 3444; x_wconf 65' lang='lat' dir='ltr'><strong>hexametros</strong></span> <span class='ocrx_word' id='word_1_292' title='bbox 810 3371 1021 3458; x_wconf 68' lang='lat' dir='ltr'><strong>compotatio.</strong></span> 
     </span>
    </p>
   </div>
   <div class='ocr_carea' id='block_1_11' title="bbox 151 3504 1190 3765">
    <p class='ocr_par' dir='ltr' id='par_1_11' title="bbox 151 3504 1190 3765">
     <span class='ocr_line' id='line_1_36' title="bbox 215 3504 1189 3592; baseline -0.003 -23"><span class='ocrx_word' id='word_1_293' title='bbox 215 3534 247 3592; x_wconf 85' lang='lat' dir='ltr'><strong>p.</strong></span> <span class='ocrx_word' id='word_1_294' title='bbox 268 3513 342 3591; x_wconf 73' lang='grc'><strong>484.</strong></span> <span class='ocrx_word' id='word_1_295' title='bbox 370 3507 410 3570; x_wconf 88' lang='lat' dir='ltr'><strong>ad</strong></span> <span class='ocrx_word' id='word_1_296' title='bbox 430 3505 483 3570; x_wconf 87' lang='lat' dir='ltr'><strong>lib.</strong></span> <span class='ocrx_word' id='word_1_297' title='bbox 505 3506 565 3579; x_wconf 83' lang='lat'>111,-</span> <span class='ocrx_word' id='word_1_298' title='bbox 582 3529 656 3588; x_wconf 84' lang='lat'><strong>279.</strong></span> <span class='ocrx_word' id='word_1_299' title='bbox 697 3505 955 3592; x_wconf 78' lang='lat' dir='ltr'><strong>Lrtflramurque</strong></span> <span class='ocrx_word' id='word_1_300' title='bbox 976 3507 1060 3580; x_wconf 71' lang='lat' dir='ltr'><strong>lorti.</strong></span> <span class='ocrx_word' id='word_1_301' title='bbox 1104 3504 1189 3588; x_wconf 86' lang='lat' dir='ltr'><strong>lupi·</strong></span> 
     </span>
     <span class='ocr_line' id='line_1_37' title="bbox 151 3587 1190 3680; baseline -0.005 -21"><span class='ocrx_word' id='word_1_302' title='bbox 151 3612 201 3659; x_wconf 86' lang='lat' dir='ltr'><strong>ter</strong></span> <span class='ocrx_word' id='word_1_303' title='bbox 221 3597 284 3680; x_wconf 88' lang='lat' dir='ltr'><strong>ipse</strong></span> <span class='ocrx_word' id='word_1_304' title='bbox 305 3587 443 3656; x_wconf 82' lang='lat' dir='ltr'><strong>lxion&#39;em</strong></span> <span class='ocrx_word' id='word_1_305' title='bbox 458 3591 614 3669; x_wconf 72' lang='lat' dir='ltr'><strong>lustrant,</strong></span> <span class='ocrx_word' id='word_1_306' title='bbox 646 3608 678 3654; x_wconf 91' lang='lat' dir='ltr'><strong>vt</strong></span> <span class='ocrx_word' id='word_1_307' title='bbox 697 3591 790 3675; x_wconf 80' lang='lat' dir='ltr'><strong>pellit</strong></span> <span class='ocrx_word' id='word_1_308' title='bbox 807 3615 866 3675; x_wconf 87' lang='lat' dir='ltr'><strong>pro</strong></span> <span class='ocrx_word' id='word_1_309' title='bbox 892 3596 1115 3660; x_wconf 77' lang='lat' dir='ltr'><strong>auctoramus</strong></span> <span class='ocrx_word' id='word_1_310' title='bbox 1134 3593 1190 3656; x_wconf 91' lang='lat' dir='ltr'><strong>ha·</strong></span> 
     </span>
     <span class='ocr_line' id='line_1_38' title="bbox 151 3679 819 3765; baseline -0.009 -17"><span class='ocrx_word' id='word_1_311' title='bbox 151 3683 229 3748; x_wconf 81' lang='lat' dir='ltr'><strong>beri.</strong></span> <span class='ocrx_word' id='word_1_312' title='bbox 258 3706 287 3750; x_wconf 80' lang='lat' dir='ltr'><strong>v.</strong></span> <span class='ocrx_word' id='word_1_313' title='bbox 308 3680 410 3748; x_wconf 84' lang='lat' dir='ltr'><strong>Schol.</strong></span> <span class='ocrx_word' id='word_1_314' title='bbox 432 3679 572 3765; x_wconf 77' lang='lat' dir='ltr'><strong>Aeschyli</strong></span> <span class='ocrx_word' id='word_1_315' title='bbox 594 3681 725 3744; x_wconf 84' lang='lat' dir='ltr'><strong>Eumen.</strong></span> <span class='ocrx_word' id='word_1_316' title='bbox 746 3689 819 3760; x_wconf 73' lang='grc'>444.</span> 
     </span>
    </p>
   </div>
   <div class='ocr_carea' id='block_1_12' title="bbox 216 3797 1187 3886">
    <p class='ocr_par' dir='ltr' id='par_1_12' title="bbox 216 3797 1187 3886">
     <span class='ocr_line' id='line_1_39' title="bbox 216 3797 1187 3886; baseline -0.006 -20"><span class='ocrx_word' id='word_1_317' title='bbox 216 3827 249 3886; x_wconf 87' lang='lat' dir='ltr'><strong>p.</strong></span> <span class='ocrx_word' id='word_1_318' title='bbox 268 3806 341 3870; x_wconf 76' lang='lat'>505.</span> <span class='ocrx_word' id='word_1_319' title='bbox 361 3805 436 3870; x_wconf 83' lang='lat' dir='ltr'><strong>Not.</strong></span> <span class='ocrx_word' id='word_1_320' title='bbox 451 3801 509 3865; x_wconf 87' lang='lat' dir='ltr'><strong>col.</strong></span> <span class='ocrx_word' id='word_1_321' title='bbox 526 3799 652 3876; x_wconf 77' lang='lat' dir='ltr'><strong>r,l.12.</strong></span> <span class='ocrx_word' id='word_1_322' title='bbox 677 3799 839 3879; x_wconf 66' lang='lat' dir='ltr'><strong>,AExeurst</strong></span> <span class='ocrx_word' id='word_1_323' title='bbox 853 3803 883 3868; x_wconf 89' lang='lat' dir='ltr'><strong>I,</strong></span> <span class='ocrx_word' id='word_1_324' title='bbox 903 3797 952 3860; x_wconf 79' lang='lat' dir='ltr'><strong>ed</strong></span> <span class='ocrx_word' id='word_1_325' title='bbox 963 3799 995 3864; x_wconf 82' lang='grc' dir='ltr'><strong>Ιι.</strong></span> <span class='ocrx_word' id='word_1_326' title='bbox 1012 3797 1034 3862; x_wconf 87' lang='lat' dir='ltr'><strong>l.</strong></span> <span class='ocrx_word' id='word_1_327' title='bbox 1047 3797 1187 3881; x_wconf 71' lang='lat' dir='ltr'><em>substa.</em></span> 
     </span>
    </p>
   </div>
   <div class='ocr_carea' id='block_1_13' title="bbox 153 3887 1305 3971">
    <p class='ocr_par' dir='ltr' id='par_1_13' title="bbox 153 3887 1305 3971">
     <span class='ocr_line' id='line_1_40' title="bbox 153 3887 1305 3971; baseline -0.002 -21"><span class='ocrx_word' id='word_1_328' title='bbox 153 3896 252 3970; x_wconf 71' lang='lat'><strong>404“</strong></span> <span class='ocrx_word' id='word_1_329' title='bbox 274 3891 428 3951; x_wconf 76' lang='lat' dir='ltr'><strong>discretim</strong></span> <span class='ocrx_word' id='word_1_330' title='bbox 443 3889 502 3971; x_wconf 82' lang='lat' dir='ltr'><strong>leg.</strong></span> <span class='ocrx_word' id='word_1_331' title='bbox 514 3887 584 3965; x_wconf 84' lang='lat' dir='ltr'><strong>sub</strong></span> <span class='ocrx_word' id='word_1_332' title='bbox 596 3889 660 3970; x_wconf 82' lang='lat' dir='ltr'><strong>fla.</strong></span> <span class='ocrx_word' id='word_1_333' title='bbox 676 3923 720 3936; x_wconf 97' lang='lat'>—</span> <span class='ocrx_word' id='word_1_334' title='bbox 733 3896 808 3968; x_wconf 72' lang='lat'>404.</span> <span class='ocrx_word' id='word_1_335' title='bbox 830 3887 910 3947; x_wconf 89' lang='lat' dir='ltr'><strong>Rem</strong></span> <span class='ocrx_word' id='word_1_336' title='bbox 924 3901 1026 3950; x_wconf 85' lang='lat' dir='ltr'><strong>autem</strong></span> <span class='ocrx_word' id='word_1_337' title='bbox 1040 3889 1083 3948; x_wconf 84' lang='lat' dir='ltr'><strong>ita</strong></span> <span class='ocrx_word' id='word_1_338' title='bbox 1098 3901 1189 3952; x_wconf 81' lang='lat' dir='ltr'><strong>tene:</strong></span> <span class='ocrx_word' id='word_1_339' title='bbox 1300 3889 1305 3898; x_wconf 88' lang='lat'>&#39;</span> 
     </span>
    </p>
   </div>
   <div class='ocr_carea' id='block_1_14' title="bbox 155 3969 1190 4065">
    <p class='ocr_par' dir='ltr' id='par_1_14' title="bbox 155 3969 1190 4065">
     <span class='ocr_line' id='line_1_41' title="bbox 155 3969 1190 4065; baseline -0.004 -23"><span class='ocrx_word' id='word_1_340' title='bbox 155 3977 204 4042; x_wconf 78' lang='lat' dir='ltr'><strong>Ab</strong></span> <span class='ocrx_word' id='word_1_341' title='bbox 223 3979 331 4042; x_wconf 80' lang='lat' dir='ltr'><strong>Aenea</strong></span> <span class='ocrx_word' id='word_1_342' title='bbox 353 3981 447 4042; x_wconf 81' lang='lat' dir='ltr'><strong>ritum</strong></span> <span class='ocrx_word' id='word_1_343' title='bbox 470 3993 565 4065; x_wconf 86' lang='lat' dir='ltr'><strong>caput</strong></span> <span class='ocrx_word' id='word_1_344' title='bbox 585 3980 668 4041; x_wconf 78' lang='lat' dir='ltr'><strong>inter</strong></span> <span class='ocrx_word' id='word_1_345' title='bbox 687 3973 770 4041; x_wconf 78' lang='lat' dir='ltr'><strong>lacta</strong></span> <span class='ocrx_word' id='word_1_346' title='bbox 790 3973 914 4040; x_wconf 78' lang='lat' dir='ltr'><strong>velandi</strong></span> <span class='ocrx_word' id='word_1_347' title='bbox 931 3975 1099 4058; x_wconf 85' lang='lat' dir='ltr'><strong>repetitum</strong></span> <span class='ocrx_word' id='word_1_348' title='bbox 1120 3969 1190 4038; x_wconf 73' lang='lat' dir='ltr'><strong>elle·</strong></span> 
     </span>
    </p>
   </div>
   <div class='ocr_carea' id='block_1_15' title="bbox 157 4107 1191 4390">
    <p class='ocr_par' dir='ltr' id='par_1_15' title="bbox 157 4107 1191 4390">
     <span class='ocr_line' id='line_1_42' title="bbox 219 4107 1191 4196; baseline -0.009 -17"><span class='ocrx_word' id='word_1_349' title='bbox 219 4135 252 4196; x_wconf 85' lang='lat' dir='ltr'><strong>p.</strong></span> <span class='ocrx_word' id='word_1_350' title='bbox 276 4117 349 4178; x_wconf 74' lang='lat'><strong>506.</strong></span> <span class='ocrx_word' id='word_1_351' title='bbox 380 4117 456 4178; x_wconf 88' lang='lat' dir='ltr'><strong>Not.</strong></span> <span class='ocrx_word' id='word_1_352' title='bbox 477 4114 565 4179; x_wconf 88' lang='lat' dir='ltr'><strong>adv.</strong></span> <span class='ocrx_word' id='word_1_353' title='bbox 587 4123 661 4194; x_wconf 72' lang='lat'><strong>4¹¹·</strong></span> <span class='ocrx_word' id='word_1_354' title='bbox 702 4110 834 4192; x_wconf 80' lang='lat' dir='ltr'><strong>angusti</strong></span> <span class='ocrx_word' id='word_1_355' title='bbox 859 4109 1028 4190; x_wconf 70' lang='lat' dir='ltr'><strong>rarescent</strong></span> <span class='ocrx_word' id='word_1_356' title='bbox 1048 4107 1191 4186; x_wconf 77' lang='lat' dir='ltr'><strong>eleusim</strong></span> 
     </span>
     <span class='ocr_line' id='line_1_43' title="bbox 158 4198 1191 4280; baseline -0.001 -18"><span class='ocrx_word' id='word_1_357' title='bbox 158 4201 279 4262; x_wconf 84' lang='lat' dir='ltr'><strong>Pelori.</strong></span> <span class='ocrx_word' id='word_1_358' title='bbox 336 4203 510 4264; x_wconf 86' lang='lat' dir='ltr'><strong>Commode</strong></span> <span class='ocrx_word' id='word_1_359' title='bbox 531 4203 644 4263; x_wconf 84' lang='lat' dir='ltr'><strong>Nodell</strong></span> <span class='ocrx_word' id='word_1_360' title='bbox 667 4205 701 4262; x_wconf 88' lang='lat' dir='ltr'><strong>in</strong></span> <span class='ocrx_word' id='word_1_361' title='bbox 720 4203 812 4262; x_wconf 84' lang='lat' dir='ltr'><strong>Notis</strong></span> <span class='ocrx_word' id='word_1_362' title='bbox 833 4203 943 4259; x_wconf 86' lang='lat' dir='ltr'><strong>criticis</strong></span> <span class='ocrx_word' id='word_1_363' title='bbox 965 4219 997 4280; x_wconf 89' lang='lat' dir='ltr'><strong>p.</strong></span> <span class='ocrx_word' id='word_1_364' title='bbox 1019 4199 1060 4280; x_wconf 86' lang='lat'><strong>78</strong></span> <span class='ocrx_word' id='word_1_365' title='bbox 1086 4198 1191 4262; x_wconf 83' lang='lat' dir='ltr'><strong>laudat</strong></span> 
     </span>
     <span class='ocr_line' id='line_1_44' title="bbox 157 4285 1058 4390; baseline -0.002 -41"><span class='ocrx_word' id='word_1_366' title='bbox 157 4286 261 4351; x_wconf 78' lang='lat' dir='ltr'><strong>lustin.</strong></span> <span class='ocrx_word' id='word_1_367' title='bbox 283 4287 339 4367; x_wconf 80' lang='lat' dir='ltr'><strong>tv,</strong></span> <span class='ocrx_word' id='word_1_368' title='bbox 367 4310 381 4352; x_wconf 88' lang='lat'>1</span> <span class='ocrx_word' id='word_1_369' title='bbox 412 4289 540 4355; x_wconf 75' lang='lat' dir='ltr'><strong>settin.</strong></span> <span class='ocrx_word' id='word_1_370' title='bbox 562 4305 593 4352; x_wconf 86' lang='lat' dir='ltr'><strong>et</strong></span> <span class='ocrx_word' id='word_1_371' title='bbox 611 4292 734 4352; x_wconf 86' lang='lat' dir='ltr'><strong>Lucret.</strong></span> <span class='ocrx_word' id='word_1_372' title='bbox 755 4288 812 4356; x_wconf 86' lang='lat' dir='ltr'><strong>tv,</strong></span> <span class='ocrx_word' id='word_1_373' title='bbox 832 4291 895 4370; x_wconf 78' lang='lat'><strong>597</strong></span> <span class='ocrx_word' id='word_1_374' title='bbox 912 4285 978 4371; x_wconf 80' lang='lat' dir='ltr'>sqq.</span> <span class='ocrx_word' id='word_1_375' title='bbox 1055 4383 1058 4390; x_wconf 68' lang='lat'>,</span> 
     </span>
    </p>
   </div>
   <div class='ocr_carea' id='block_1_16' title="bbox 0 0 1531 5084">
    <p class='ocr_par' dir='ltr' id='par_1_16' title="bbox 0 0 1531 5084">
     <span class='ocr_line' id='line_1_45' title="bbox 0 0 1531 5084; baseline 0 0"><span class='ocrx_word' id='word_1_376' title='bbox 0 0 1531 5084; x_wconf 95' lang='lat' dir='ltr'><strong> </strong></span> 
     </span>
    </p>
   </div>
  </div>
 </body>
</html>
