<?xml version="1.0" encoding="UTF-8"?>
<!DOCTYPE html PUBLIC "-//W3C//DTD XHTML 1.0 Transitional//EN"
    "http://www.w3.org/TR/xhtml1/DTD/xhtml1-transitional.dtd">
<html xmlns="http://www.w3.org/1999/xhtml" xml:lang="en" lang="en">
 <head>
  <title>
</title>
<meta http-equiv="Content-Type" content="text/html;charset=utf-8" />
  <meta name='ocr-system' content='tesseract 3.04.00' />
  <meta name='ocr-capabilities' content='ocr_page ocr_carea ocr_par ocr_line ocrx_word'/>
</head>
<body>
  <div class='ocr_page' id='page_1' title='image "./varietatelectio00virggoog_0799.png"; bbox 0 0 3000 5084; ppageno 0'>
   <div class='ocr_carea' id='block_1_1' title="bbox 363 373 1134 473">
    <p class='ocr_par' dir='ltr' id='par_1_1' title="bbox 363 373 1134 473">
     <span class='ocr_line' id='line_1_1' title="bbox 363 373 1134 473; baseline 0.008 -27"><span class='ocrx_word' id='word_1_1' title='bbox 363 373 863 448; x_wconf 69' lang='lat' dir='ltr'>cannacoava</span> <span class='ocrx_word' id='word_1_2' title='bbox 1070 383 1134 473; x_wconf 59' lang='lat' dir='ltr'>wa</span> 
     </span>
    </p>
   </div>
   <div class='ocr_carea' id='block_1_2' title="bbox 158 557 1135 818">
    <p class='ocr_par' dir='ltr' id='par_1_2' title="bbox 158 557 1135 818">
     <span class='ocr_line' id='line_1_2' title="bbox 458 557 761 641; baseline -0.013 0"><span class='ocrx_word' id='word_1_3' title='bbox 458 559 498 641; x_wconf 84' lang='lat' dir='ltr'>V</span> <span class='ocrx_word' id='word_1_4' title='bbox 526 561 565 638; x_wconf 92' lang='grc' dir='ltr'><strong>Ο</strong></span> <span class='ocrx_word' id='word_1_5' title='bbox 592 559 635 638; x_wconf 87' lang='lat' dir='ltr'>L.</span> <span class='ocrx_word' id='word_1_6' title='bbox 690 557 761 638; x_wconf 73' lang='grc' dir='ltr'>Ἦ.</span> 
     </span>
     <span class='ocr_line' id='line_1_3' title="bbox 158 681 1135 818; baseline 0.002 -20"><span class='ocrx_word' id='word_1_7' title='bbox 158 708 184 798; x_wconf 79' lang='lat' dir='ltr'>l.</span> <span class='ocrx_word' id='word_1_8' title='bbox 227 734 407 816; x_wconf 75' lang='lat' dir='ltr'>infreme</span> <span class='ocrx_word' id='word_1_9' title='bbox 429 681 625 799; x_wconf 71' lang='lat' dir='ltr'>Velaminis.</span> <span class='ocrx_word' id='word_1_10' title='bbox 681 735 778 798; x_wconf 81' lang='lat' dir='ltr'>Pallas</span> <span class='ocrx_word' id='word_1_11' title='bbox 800 735 952 798; x_wconf 85' lang='lat' dir='ltr'>calculum</span> <span class='ocrx_word' id='word_1_12' title='bbox 972 756 1135 818; x_wconf 70' lang='lat' dir='ltr'>apponens</span> 
     </span>
    </p>
   </div>
   <div class='ocr_carea' id='block_1_3' title="bbox 59 841 1143 3601">
    <p class='ocr_par' dir='ltr' id='par_1_3' title="bbox 59 841 1143 3601">
     <span class='ocr_line' id='line_1_4' title="bbox 86 841 1137 928; baseline 0.005 -24"><span class='ocrx_word' id='word_1_13' title='bbox 86 862 153 904; x_wconf 83' lang='lat' dir='ltr'>reo</span> <span class='ocrx_word' id='word_1_14' title='bbox 175 841 365 906; x_wconf 83' lang='lat' dir='ltr'>absoluendo</span> <span class='ocrx_word' id='word_1_15' title='bbox 387 845 567 928; x_wconf 77' lang='lat' dir='ltr'>inparibus</span> <span class='ocrx_word' id='word_1_16' title='bbox 590 844 724 904; x_wconf 80' lang='lat' dir='ltr'>iudicum</span> <span class='ocrx_word' id='word_1_17' title='bbox 747 843 921 906; x_wconf 76' lang='lat' dir='ltr'><strong>sententiis:</strong></span> <span class='ocrx_word' id='word_1_18' title='bbox 959 847 1045 926; x_wconf 88' lang='lat' dir='ltr'>quod</span> <span class='ocrx_word' id='word_1_19' title='bbox 1073 849 1137 909; x_wconf 84' lang='lat' dir='ltr'>lac·</span> 
     </span>
     <span class='ocr_line' id='line_1_5' title="bbox 85 949 1137 1033; baseline 0.008 -25"><span class='ocrx_word' id='word_1_20' title='bbox 85 963 163 1008; x_wconf 77' lang='lat' dir='ltr'>tum</span> <span class='ocrx_word' id='word_1_21' title='bbox 184 966 312 1012; x_wconf 85' lang='lat' dir='ltr'>narrant</span> <span class='ocrx_word' id='word_1_22' title='bbox 332 959 367 1013; x_wconf 83' lang='lat' dir='ltr'>in</span> <span class='ocrx_word' id='word_1_23' title='bbox 393 951 508 1015; x_wconf 85' lang='lat' dir='ltr'>Orestis</span> <span class='ocrx_word' id='word_1_24' title='bbox 532 952 648 1014; x_wconf 87' lang='lat' dir='ltr'>iudicio</span> <span class='ocrx_word' id='word_1_25' title='bbox 670 971 689 1009; x_wconf 85' lang='lat' dir='ltr'>a</span> <span class='ocrx_word' id='word_1_26' title='bbox 711 951 848 1033; x_wconf 83' lang='lat' dir='ltr'>Tragicia</span> <span class='ocrx_word' id='word_1_27' title='bbox 871 955 905 1010; x_wconf 83' lang='lat' dir='ltr'>in</span> <span class='ocrx_word' id='word_1_28' title='bbox 934 949 1022 1012; x_wconf 83' lang='lat' dir='ltr'>scena</span> <span class='ocrx_word' id='word_1_29' title='bbox 1051 953 1137 1016; x_wconf 84' lang='lat' dir='ltr'><strong>exhi·</strong></span> 
     </span>
     <span class='ocr_line' id='line_1_6' title="bbox 59 1053 1137 1143; baseline 0.007 -27"><span class='ocrx_word' id='word_1_30' title='bbox 59 1137 63 1142; x_wconf 75' lang='lat'><em>‚</em></span> <span class='ocrx_word' id='word_1_31' title='bbox 86 1053 172 1117; x_wconf 83' lang='lat' dir='ltr'>bito.</span> <span class='ocrx_word' id='word_1_32' title='bbox 214 1057 366 1118; x_wconf 88' lang='lat' dir='ltr'><strong>Iudicium</strong></span> <span class='ocrx_word' id='word_1_33' title='bbox 390 1076 426 1116; x_wconf 79' lang='lat' dir='ltr'>ex</span> <span class='ocrx_word' id='word_1_34' title='bbox 451 1055 626 1143; x_wconf 80' lang='lat' dir='ltr'>anaglypho</span> <span class='ocrx_word' id='word_1_35' title='bbox 646 1061 680 1118; x_wconf 86' lang='lat' dir='ltr'>in</span> <span class='ocrx_word' id='word_1_36' title='bbox 701 1057 771 1118; x_wconf 84' lang='lat' dir='ltr'>vale</span> <span class='ocrx_word' id='word_1_37' title='bbox 785 1072 934 1140; x_wconf 82' lang='lat' dir='ltr'>argenteo</span> <span class='ocrx_word' id='word_1_38' title='bbox 951 1057 1071 1121; x_wconf 80' lang='lat' dir='ltr'>Corfini</span> <span class='ocrx_word' id='word_1_39' title='bbox 1087 1084 1137 1134; x_wconf 78' lang='lat' dir='ltr'>ex·</span> 
     </span>
     <span class='ocr_line' id='line_1_7' title="bbox 87 1157 1137 1244; baseline 0.006 -23"><span class='ocrx_word' id='word_1_40' title='bbox 87 1157 231 1244; x_wconf 75' lang='lat' dir='ltr'>prelium</span> <span class='ocrx_word' id='word_1_41' title='bbox 256 1164 353 1225; x_wconf 83' lang='lat' dir='ltr'>edidit</span> <span class='ocrx_word' id='word_1_42' title='bbox 383 1163 622 1226; x_wconf 77' lang='lat' dir='ltr'>Winclelman.</span> <span class='ocrx_word' id='word_1_43' title='bbox 646 1165 738 1226; x_wconf 79' lang='lat' dir='ltr'><strong><em>Mon.</em></strong></span> <span class='ocrx_word' id='word_1_44' title='bbox 761 1163 849 1226; x_wconf 78' lang='lat' dir='ltr'>ined.</span> <span class='ocrx_word' id='word_1_45' title='bbox 871 1165 932 1226; x_wconf 87' lang='lat' dir='ltr'>No.</span> <span class='ocrx_word' id='word_1_46' title='bbox 959 1169 1028 1231; x_wconf 85' lang='lat'>151.</span> <span class='ocrx_word' id='word_1_47' title='bbox 1066 1169 1137 1231; x_wconf 77' lang='lat' dir='ltr'>Pal.</span> 
     </span>
     <span class='ocr_line' id='line_1_8' title="bbox 89 1267 1136 1353; baseline 0.007 -22"><span class='ocrx_word' id='word_1_48' title='bbox 89 1267 201 1331; x_wconf 85' lang='lat' dir='ltr'>ladem</span> <span class='ocrx_word' id='word_1_49' title='bbox 228 1269 467 1353; x_wconf 72' lang='lat' dir='ltr'>apposueramus</span> <span class='ocrx_word' id='word_1_50' title='bbox 495 1277 557 1332; x_wconf 87' lang='lat' dir='ltr'>iam</span> <span class='ocrx_word' id='word_1_51' title='bbox 588 1277 622 1332; x_wconf 87' lang='lat' dir='ltr'>in</span> <span class='ocrx_word' id='word_1_52' title='bbox 654 1271 736 1334; x_wconf 84' lang='lat' dir='ltr'>Edit.</span> <span class='ocrx_word' id='word_1_53' title='bbox 766 1272 816 1334; x_wconf 84' lang='lat' dir='ltr'>alt.</span> <span class='ocrx_word' id='word_1_54' title='bbox 846 1271 886 1332; x_wconf 88' lang='lat' dir='ltr'>ad</span> <span class='ocrx_word' id='word_1_55' title='bbox 912 1271 963 1333; x_wconf 82' lang='lat' dir='ltr'>fin.</span> <span class='ocrx_word' id='word_1_56' title='bbox 993 1275 1052 1336; x_wconf 92' lang='lat' dir='ltr'>To.</span> <span class='ocrx_word' id='word_1_57' title='bbox 1079 1277 1136 1339; x_wconf 85' lang='lat' dir='ltr'>IV.</span> 
     </span>
     <span class='ocr_line' id='line_1_9' title="bbox 91 1376 1137 1460; baseline 0.007 -22"><span class='ocrx_word' id='word_1_58' title='bbox 91 1376 149 1438; x_wconf 73' lang='lat' dir='ltr'>vbi</span> <span class='ocrx_word' id='word_1_59' title='bbox 176 1377 214 1441; x_wconf 81' lang='lat' dir='ltr'>ci.</span> <span class='ocrx_word' id='word_1_60' title='bbox 235 1399 266 1460; x_wconf 87' lang='lat' dir='ltr'>p.</span> <span class='ocrx_word' id='word_1_61' title='bbox 290 1381 364 1446; x_wconf 75' lang='lat'>255.</span> <span class='ocrx_word' id='word_1_62' title='bbox 384 1379 473 1439; x_wconf 80' lang='lat' dir='ltr'>x1x.</span> <span class='ocrx_word' id='word_1_63' title='bbox 517 1378 676 1460; x_wconf 78' lang='lat' dir='ltr'>Adoptata</span> <span class='ocrx_word' id='word_1_64' title='bbox 695 1394 762 1440; x_wconf 83' lang='lat' dir='ltr'>erat</span> <span class='ocrx_word' id='word_1_65' title='bbox 786 1401 823 1442; x_wconf 78' lang='lat' dir='ltr'>ex</span> <span class='ocrx_word' id='word_1_66' title='bbox 845 1380 971 1440; x_wconf 86' lang='lat' dir='ltr'>lucerna</span> <span class='ocrx_word' id='word_1_67' title='bbox 993 1381 1137 1456; x_wconf 74' lang='lat' dir='ltr'>Bellori13</span> 
     </span>
     <span class='ocr_line' id='line_1_10' title="bbox 88 1481 1138 1572; baseline 0.005 -27"><span class='ocrx_word' id='word_1_68' title='bbox 88 1505 193 1567; x_wconf 82' lang='lat' dir='ltr'>quam</span> <span class='ocrx_word' id='word_1_69' title='bbox 211 1506 228 1545; x_wconf 90' lang='lat' dir='ltr'>a</span> <span class='ocrx_word' id='word_1_70' title='bbox 249 1485 349 1570; x_wconf 71' lang='lat' dir='ltr'>figulis</span> <span class='ocrx_word' id='word_1_71' title='bbox 371 1485 488 1566; x_wconf 75' lang='lat' dir='ltr'>saepius</span> <span class='ocrx_word' id='word_1_72' title='bbox 509 1481 645 1554; x_wconf 82' lang='lat' dir='ltr'>effictam</span> <span class='ocrx_word' id='word_1_73' title='bbox 668 1483 747 1560; x_wconf 83' lang='lat' dir='ltr'>elle,</span> <span class='ocrx_word' id='word_1_74' title='bbox 769 1507 806 1548; x_wconf 85' lang='lat' dir='ltr'>ex</span> <span class='ocrx_word' id='word_1_75' title='bbox 826 1505 866 1548; x_wconf 87' lang='lat' dir='ltr'>eo</span> <span class='ocrx_word' id='word_1_76' title='bbox 887 1505 1027 1566; x_wconf 82' lang='lat' dir='ltr'>apparet,</span> <span class='ocrx_word' id='word_1_77' title='bbox 1048 1491 1138 1572; x_wconf 86' lang='lat' dir='ltr'>quod</span> 
     </span>
     <span class='ocr_line' id='line_1_11' title="bbox 90 1591 1139 1677; baseline 0.006 -25"><span class='ocrx_word' id='word_1_78' title='bbox 90 1591 257 1652; x_wconf 86' lang='lat' dir='ltr'>lucernam</span> <span class='ocrx_word' id='word_1_79' title='bbox 279 1593 372 1653; x_wconf 86' lang='lat' dir='ltr'>aliam</span> <span class='ocrx_word' id='word_1_80' title='bbox 395 1591 578 1654; x_wconf 77' lang='lat' dir='ltr'>liinillimam</span> <span class='ocrx_word' id='word_1_81' title='bbox 602 1613 640 1654; x_wconf 83' lang='lat' dir='ltr'>ex</span> <span class='ocrx_word' id='word_1_82' title='bbox 662 1598 761 1654; x_wconf 73' lang='lat' dir='ltr'>ruinis</span> <span class='ocrx_word' id='word_1_83' title='bbox 780 1591 1005 1655; x_wconf 77' lang='lat' dir='ltr'>Arelatenfibus</span> <span class='ocrx_word' id='word_1_84' title='bbox 1028 1615 1139 1677; x_wconf 84' lang='lat' dir='ltr'><strong>protu-</strong></span> 
     </span>
     <span class='ocr_line' id='line_1_12' title="bbox 91 1699 1136 1783; baseline 0.007 -25"><span class='ocrx_word' id='word_1_85' title='bbox 91 1699 133 1758; x_wconf 85' lang='lat' dir='ltr'>lit</span> <span class='ocrx_word' id='word_1_86' title='bbox 155 1699 269 1761; x_wconf 74' lang='lat' dir='ltr'><strong>Comes</strong></span> <span class='ocrx_word' id='word_1_87' title='bbox 293 1700 405 1783; x_wconf 78' lang='lat' dir='ltr'>Caylus</span> <span class='ocrx_word' id='word_1_88' title='bbox 430 1702 568 1762; x_wconf 82' lang='lat' dir='ltr'>liecucil</span> <span class='ocrx_word' id='word_1_89' title='bbox 591 1701 646 1761; x_wconf 89' lang='lat' dir='ltr'>To.</span> <span class='ocrx_word' id='word_1_90' title='bbox 667 1701 730 1770; x_wconf 83' lang='lat' dir='ltr'>W,</span> <span class='ocrx_word' id='word_1_91' title='bbox 748 1700 797 1783; x_wconf 78' lang='lat' dir='ltr'>pl.</span> <span class='ocrx_word' id='word_1_92' title='bbox 816 1702 998 1761; x_wconf 79' lang='lat' dir='ltr'><em>LXXXIX.</em></span> <span class='ocrx_word' id='word_1_93' title='bbox 1043 1705 1136 1766; x_wconf 80' lang='lat' dir='ltr'>Aliud</span> 
     </span>
     <span class='ocr_line' id='line_1_13' title="bbox 95 1805 1137 1893; baseline 0.006 -27"><span class='ocrx_word' id='word_1_94' title='bbox 95 1805 294 1887; x_wconf 83' lang='lat' dir='ltr'><strong>exemplum,</strong></span> <span class='ocrx_word' id='word_1_95' title='bbox 326 1807 413 1889; x_wconf 88' lang='lat' dir='ltr'><strong>quod</strong></span> <span class='ocrx_word' id='word_1_96' title='bbox 435 1809 596 1882; x_wconf 85' lang='lat' dir='ltr'><strong>redderet,</strong></span> <span class='ocrx_word' id='word_1_97' title='bbox 631 1805 737 1868; x_wconf 83' lang='lat' dir='ltr'>habuit</span> <span class='ocrx_word' id='word_1_98' title='bbox 756 1809 865 1869; x_wconf 68' lang='lat' dir='ltr'>artilex</span> <span class='ocrx_word' id='word_1_99' title='bbox 884 1811 919 1867; x_wconf 86' lang='lat' dir='ltr'>in</span> <span class='ocrx_word' id='word_1_100' title='bbox 945 1829 1066 1888; x_wconf 81' lang='lat' dir='ltr'><strong>gemma</strong></span> <span class='ocrx_word' id='word_1_101' title='bbox 1087 1831 1137 1893; x_wconf 85' lang='lat' dir='ltr'>ap.</span> 
     </span>
     <span class='ocr_line' id='line_1_14' title="bbox 93 1911 1138 1999; baseline 0.003 -25"><span class='ocrx_word' id='word_1_102' title='bbox 93 1913 221 1974; x_wconf 67' lang='lat' dir='ltr'>Eoklzet</span> <span class='ocrx_word' id='word_1_103' title='bbox 245 1913 350 1972; x_wconf 73' lang='lat' dir='ltr'>Choic</span> <span class='ocrx_word' id='word_1_104' title='bbox 378 1911 436 1973; x_wconf 78' lang='lat' dir='ltr'>des</span> <span class='ocrx_word' id='word_1_105' title='bbox 458 1918 587 1993; x_wconf 75' lang='lat' dir='ltr'><em>pierres</em></span> <span class='ocrx_word' id='word_1_106' title='bbox 613 1921 755 1994; x_wconf 55' lang='lat' dir='ltr'>gravies</span> <span class='ocrx_word' id='word_1_107' title='bbox 783 1913 829 1975; x_wconf 76' lang='lat' dir='ltr'>du</span> <span class='ocrx_word' id='word_1_108' title='bbox 860 1913 999 1974; x_wconf 69' lang='lat' dir='ltr'>Gabinae</span> <span class='ocrx_word' id='word_1_109' title='bbox 1032 1921 1138 1999; x_wconf 79' lang='lat' dir='ltr'><strong>Impe-</strong></span> 
     </span>
     <span class='ocr_line' id='line_1_15' title="bbox 93 2019 1139 2107; baseline 0.007 -29"><span class='ocrx_word' id='word_1_110' title='bbox 93 2021 172 2080; x_wconf 83' lang='lat' dir='ltr'><em>rial.</em></span> <span class='ocrx_word' id='word_1_111' title='bbox 202 2019 269 2080; x_wconf 78' lang='lat' dir='ltr'>tab.</span> <span class='ocrx_word' id='word_1_112' title='bbox 286 2021 380 2097; x_wconf 73' lang='lat' dir='ltr'>,m</span> <span class='ocrx_word' id='word_1_113' title='bbox 443 2021 537 2084; x_wconf 85' lang='lat' dir='ltr'>Nunc</span> <span class='ocrx_word' id='word_1_114' title='bbox 562 2041 638 2086; x_wconf 84' lang='lat' dir='ltr'><strong>vero</strong></span> <span class='ocrx_word' id='word_1_115' title='bbox 659 2019 878 2107; x_wconf 80' lang='lat' dir='ltr'>Anaglyphum</span> <span class='ocrx_word' id='word_1_116' title='bbox 899 2021 1070 2105; x_wconf 84' lang='lat' dir='ltr'>expreffum</span> <span class='ocrx_word' id='word_1_117' title='bbox 1093 2019 1139 2085; x_wconf 62' lang='lat' dir='ltr'>viss</span> 
     </span>
     <span class='ocr_line' id='line_1_16' title="bbox 95 2125 1139 2214; baseline 0.007 -27"><span class='ocrx_word' id='word_1_118' title='bbox 95 2126 151 2188; x_wconf 80' lang='lat' dir='ltr'>des</span> <span class='ocrx_word' id='word_1_119' title='bbox 173 2147 193 2188; x_wconf 87' lang='lat' dir='ltr'>c</span> <span class='ocrx_word' id='word_1_120' title='bbox 218 2127 356 2186; x_wconf 78' lang='lat' dir='ltr'>Galen&#39;a</span> <span class='ocrx_word' id='word_1_121' title='bbox 383 2125 586 2205; x_wconf 74' lang='lat' dir='ltr'>Giustiniani</span> <span class='ocrx_word' id='word_1_122' title='bbox 610 2131 665 2191; x_wconf 80' lang='lat' dir='ltr'>To.</span> <span class='ocrx_word' id='word_1_123' title='bbox 688 2133 732 2204; x_wconf 85' lang='grc' dir='ltr'>ΙΙ,</span> <span class='ocrx_word' id='word_1_124' title='bbox 755 2129 822 2190; x_wconf 79' lang='lat' dir='ltr'>tab.</span> <span class='ocrx_word' id='word_1_125' title='bbox 849 2129 918 2194; x_wconf 79' lang='lat'>132.</span> <span class='ocrx_word' id='word_1_126' title='bbox 955 2131 1035 2190; x_wconf 85' lang='lat' dir='ltr'><strong>Sunt</strong></span> <span class='ocrx_word' id='word_1_127' title='bbox 1060 2153 1139 2214; x_wconf 84' lang='lat' dir='ltr'>quo-</span> 
     </span>
     <span class='ocr_line' id='line_1_17' title="bbox 95 2211 1139 2321; baseline 0.003 -25"><span class='ocrx_word' id='word_1_128' title='bbox 95 2254 158 2316; x_wconf 82' lang='lat' dir='ltr'>que</span> <span class='ocrx_word' id='word_1_129' title='bbox 181 2237 286 2307; x_wconf 87' lang='lat' dir='ltr'>numl,</span> <span class='ocrx_word' id='word_1_130' title='bbox 320 2238 353 2294; x_wconf 84' lang='lat' dir='ltr'>in</span> <span class='ocrx_word' id='word_1_131' title='bbox 375 2234 486 2317; x_wconf 76' lang='lat' dir='ltr'>quibua</span> <span class='ocrx_word' id='word_1_132' title='bbox 508 2239 618 2299; x_wconf 85' lang='lat' dir='ltr'>eadam</span> <span class='ocrx_word' id='word_1_133' title='bbox 638 2238 736 2321; x_wconf 73' lang='lat' dir='ltr'>figura</span> <span class='ocrx_word' id='word_1_134' title='bbox 765 2233 888 2308; x_wconf 71' lang='lat' dir='ltr'>viliter,</span> <span class='ocrx_word' id='word_1_135' title='bbox 918 2211 1021 2307; x_wconf 72' lang='lat' dir='ltr'>Talrfi,</span> <span class='ocrx_word' id='word_1_136' title='bbox 1055 2241 1139 2299; x_wconf 79' lang='lat' dir='ltr'>Ana·</span> 
     </span>
     <span class='ocr_line' id='line_1_18' title="bbox 95 2337 1141 2428; baseline 0.004 -28"><span class='ocrx_word' id='word_1_137' title='bbox 95 2337 197 2413; x_wconf 69' lang='lat' dir='ltr'>urbi,</span> <span class='ocrx_word' id='word_1_138' title='bbox 226 2341 279 2402; x_wconf 84' lang='lat' dir='ltr'>seu</span> <span class='ocrx_word' id='word_1_139' title='bbox 301 2341 467 2402; x_wconf 75' lang='lat' dir='ltr'>Caesareae</span> <span class='ocrx_word' id='word_1_140' title='bbox 491 2343 634 2411; x_wconf 73' lang='lat' dir='ltr'>Ciliciae.</span> <span class='ocrx_word' id='word_1_141' title='bbox 665 2357 698 2403; x_wconf 88' lang='lat' dir='ltr'>et</span> <span class='ocrx_word' id='word_1_142' title='bbox 721 2343 812 2404; x_wconf 83' lang='lat' dir='ltr'>Sidae</span> <span class='ocrx_word' id='word_1_143' title='bbox 833 2341 1052 2428; x_wconf 78' lang='lat' dir='ltr'>Pamphyliae,</span> <span class='ocrx_word' id='word_1_144' title='bbox 1086 2367 1141 2427; x_wconf 81' lang='lat' dir='ltr'>ap-</span> 
     </span>
     <span class='ocr_line' id='line_1_19' title="bbox 94 2446 1139 2539; baseline 0 -25"><span class='ocrx_word' id='word_1_145' title='bbox 94 2446 196 2539; x_wconf 61' lang='grc' dir='ltr'>Ροβίε</span> <span class='ocrx_word' id='word_1_146' title='bbox 224 2469 302 2510; x_wconf 77' lang='lat' dir='ltr'>voce</span> <span class='ocrx_word' id='word_1_147' title='bbox 338 2449 566 2531; x_wconf 79' lang='grc' dir='ltr'><strong><em>Κοινοβουλιον,</em></strong></span> <span class='ocrx_word' id='word_1_148' title='bbox 611 2449 695 2510; x_wconf 87' lang='lat' dir='ltr'><strong>vnde</strong></span> <span class='ocrx_word' id='word_1_149' title='bbox 723 2451 857 2534; x_wconf 79' lang='lat' dir='ltr'>colligo,</span> <span class='ocrx_word' id='word_1_150' title='bbox 893 2451 932 2512; x_wconf 89' lang='lat' dir='ltr'>ad</span> <span class='ocrx_word' id='word_1_151' title='bbox 959 2457 1139 2515; x_wconf 84' lang='lat' dir='ltr'>communia</span> 
     </span>
     <span class='ocr_line' id='line_1_20' title="bbox 96 2554 1141 2640; baseline 0.005 -23"><span class='ocrx_word' id='word_1_152' title='bbox 96 2555 226 2617; x_wconf 83' lang='lat' dir='ltr'>duarum</span> <span class='ocrx_word' id='word_1_153' title='bbox 252 2555 372 2618; x_wconf 85' lang='lat' dir='ltr'>vrbium</span> <span class='ocrx_word' id='word_1_154' title='bbox 402 2554 542 2640; x_wconf 80' lang='lat' dir='ltr'>suffragia</span> <span class='ocrx_word' id='word_1_155' title='bbox 567 2556 738 2639; x_wconf 84' lang='lat' dir='ltr'>symbolum</span> <span class='ocrx_word' id='word_1_156' title='bbox 763 2555 825 2618; x_wconf 87' lang='lat' dir='ltr'>hoc</span> <span class='ocrx_word' id='word_1_157' title='bbox 846 2554 934 2618; x_wconf 85' lang='lat' dir='ltr'>luilla</span> <span class='ocrx_word' id='word_1_158' title='bbox 966 2579 1141 2622; x_wconf 85' lang='lat' dir='ltr'>accommo-</span> 
     </span>
     <span class='ocr_line' id='line_1_21' title="bbox 99 2661 1142 2744; baseline 0.006 -22"><span class='ocrx_word' id='word_1_159' title='bbox 99 2665 216 2724; x_wconf 81' lang='lat' dir='ltr'>datum.</span> <span class='ocrx_word' id='word_1_160' title='bbox 280 2663 346 2724; x_wconf 81' lang='lat' dir='ltr'>Noa</span> <span class='ocrx_word' id='word_1_161' title='bbox 370 2666 487 2722; x_wconf 81' lang='lat' dir='ltr'>vtinam</span> <span class='ocrx_word' id='word_1_162' title='bbox 512 2663 603 2722; x_wconf 85' lang='lat' dir='ltr'>deam</span> <span class='ocrx_word' id='word_1_163' title='bbox 624 2661 790 2724; x_wconf 78' lang='lat' dir='ltr'>habeamus</span> <span class='ocrx_word' id='word_1_164' title='bbox 809 2667 996 2744; x_wconf 79' lang='lat' dir='ltr'>propitiam,</span> <span class='ocrx_word' id='word_1_165' title='bbox 1031 2681 1082 2740; x_wconf 83' lang='lat' dir='ltr'>vt,</span> <span class='ocrx_word' id='word_1_166' title='bbox 1117 2663 1142 2728; x_wconf 88' lang='lat' dir='ltr'>fi</span> 
     </span>
     <span class='ocr_line' id='line_1_22' title="bbox 97 2765 1143 2854; baseline -0.008 -24"><span class='ocrx_word' id='word_1_167' title='bbox 97 2774 170 2830; x_wconf 79' lang='lat' dir='ltr'>vitia</span> <span class='ocrx_word' id='word_1_168' title='bbox 201 2788 317 2853; x_wconf 83' lang='lat' dir='ltr'><strong>operae</strong></span> <span class='ocrx_word' id='word_1_169' title='bbox 353 2765 474 2830; x_wconf 82' lang='lat' dir='ltr'>nostrae</span> <span class='ocrx_word' id='word_1_170' title='bbox 510 2765 672 2830; x_wconf 80' lang='lat' dir='ltr'>virtutibus</span> <span class='ocrx_word' id='word_1_171' title='bbox 701 2769 808 2830; x_wconf 80' lang='lat' dir='ltr'>saltem</span> <span class='ocrx_word' id='word_1_172' title='bbox 836 2769 961 2850; x_wconf 85' lang='lat' dir='ltr'>pan&#39;bua</span> <span class='ocrx_word' id='word_1_173' title='bbox 993 2791 1143 2854; x_wconf 79' lang='lat' dir='ltr'>compen.</span> 
     </span>
     <span class='ocr_line' id='line_1_23' title="bbox 98 2874 1121 2958; baseline 0 -20"><span class='ocrx_word' id='word_1_174' title='bbox 98 2876 218 2946; x_wconf 73' lang='lat' dir='ltr'>lentur:</span> <span class='ocrx_word' id='word_1_175' title='bbox 259 2896 341 2936; x_wconf 84' lang='lat' dir='ltr'>nam</span> <span class='ocrx_word' id='word_1_176' title='bbox 356 2879 449 2936; x_wconf 79' lang='lat' dir='ltr'>vitiis</span> <span class='ocrx_word' id='word_1_177' title='bbox 471 2897 567 2935; x_wconf 81' lang='lat' dir='ltr'>nemo</span> <span class='ocrx_word' id='word_1_178' title='bbox 585 2875 660 2952; x_wconf 78' lang='lat' dir='ltr'>fine</span> <span class='ocrx_word' id='word_1_179' title='bbox 687 2874 806 2946; x_wconf 78' lang='lat' dir='ltr'>scribit:</span> <span class='ocrx_word' id='word_1_180' title='bbox 850 2891 883 2937; x_wconf 90' lang='lat' dir='ltr'>et</span> <span class='ocrx_word' id='word_1_181' title='bbox 913 2879 1054 2958; x_wconf 81' lang='lat' dir='ltr'>optimus</span> <span class='ocrx_word' id='word_1_182' title='bbox 1080 2881 1121 2938; x_wconf 88' lang='lat' dir='ltr'>ill</span> 
     </span>
     <span class='ocr_line' id='line_1_24' title="bbox 98 2982 1141 3068; baseline 0.004 -25"><span class='ocrx_word' id='word_1_183' title='bbox 98 2982 143 3062; x_wconf 80' lang='lat' dir='ltr'>est</span> <span class='ocrx_word' id='word_1_184' title='bbox 185 2984 252 3068; x_wconf 78' lang='lat' dir='ltr'>Qui</span> <span class='ocrx_word' id='word_1_185' title='bbox 280 2986 425 3044; x_wconf 78' lang='lat' dir='ltr'>minimis</span> <span class='ocrx_word' id='word_1_186' title='bbox 459 2998 615 3064; x_wconf 64' lang='lat' dir='ltr'>argelum</span> <span class='ocrx_word' id='word_1_187' title='bbox 656 2982 709 3042; x_wconf 85' lang='lat' dir='ltr'>illa</span> <span class='ocrx_word' id='word_1_188' title='bbox 737 2983 886 3044; x_wconf 81' lang='lat' dir='ltr'>calculum</span> <span class='ocrx_word' id='word_1_189' title='bbox 909 2985 1030 3046; x_wconf 80' lang='lat' dir='ltr'>adiiciat</span> <span class='ocrx_word' id='word_1_190' title='bbox 1054 2986 1141 3048; x_wconf 85' lang='lat' dir='ltr'>suum</span> 
     </span>
     <span class='ocr_line' id='line_1_25' title="bbox 103 3086 1141 3155; baseline 0.002 -3"><span class='ocrx_word' id='word_1_191' title='bbox 103 3089 282 3152; x_wconf 82' lang='lat' dir='ltr'>salutarem!</span> <span class='ocrx_word' id='word_1_192' title='bbox 345 3093 397 3151; x_wconf 83' lang='lat' dir='ltr'>An</span> <span class='ocrx_word' id='word_1_193' title='bbox 432 3091 471 3151; x_wconf 86' lang='lat' dir='ltr'>ad</span> <span class='ocrx_word' id='word_1_194' title='bbox 505 3092 590 3152; x_wconf 86' lang='lat' dir='ltr'>idem</span> <span class='ocrx_word' id='word_1_195' title='bbox 627 3086 742 3150; x_wconf 79' lang='lat' dir='ltr'>Orestia</span> <span class='ocrx_word' id='word_1_196' title='bbox 782 3089 930 3150; x_wconf 86' lang='lat' dir='ltr'>iudicium</span> <span class='ocrx_word' id='word_1_197' title='bbox 961 3106 993 3152; x_wconf 83' lang='lat' dir='ltr'>et</span> <span class='ocrx_word' id='word_1_198' title='bbox 1027 3089 1141 3155; x_wconf 88' lang='lat' dir='ltr'>libera·</span> 
     </span>
     <span class='ocr_line' id='line_1_26' title="bbox 99 3183 1140 3282; baseline 0.005 -26"><span class='ocrx_word' id='word_1_199' title='bbox 99 3183 217 3258; x_wconf 74' lang='lat' dir='ltr'>tioiiem</span> <span class='ocrx_word' id='word_1_200' title='bbox 248 3195 365 3278; x_wconf 83' lang='lat' dir='ltr'><strong>spectet</strong></span> <span class='ocrx_word' id='word_1_201' title='bbox 390 3202 511 3280; x_wconf 81' lang='lat' dir='ltr'>pictura</span> <span class='ocrx_word' id='word_1_202' title='bbox 541 3201 576 3259; x_wconf 83' lang='lat' dir='ltr'>in</span> <span class='ocrx_word' id='word_1_203' title='bbox 610 3195 677 3258; x_wconf 81' lang='lat' dir='ltr'>vase</span> <span class='ocrx_word' id='word_1_204' title='bbox 712 3203 815 3280; x_wconf 87' lang='lat' dir='ltr'>picto,</span> <span class='ocrx_word' id='word_1_205' title='bbox 858 3198 946 3282; x_wconf 77' lang='lat' dir='ltr'>quod</span> <span class='ocrx_word' id='word_1_206' title='bbox 973 3195 1140 3262; x_wconf 80' lang='lat' dir='ltr'>Tischbein</span> 
     </span>
     <span class='ocr_line' id='line_1_27' title="bbox 101 3303 1142 3387; baseline 0.005 -24"><span class='ocrx_word' id='word_1_207' title='bbox 101 3304 237 3386; x_wconf 79' lang='lat' dir='ltr'>vulgauit</span> <span class='ocrx_word' id='word_1_208' title='bbox 257 3307 292 3364; x_wconf 86' lang='lat' dir='ltr'>in</span> <span class='ocrx_word' id='word_1_209' title='bbox 322 3303 428 3382; x_wconf 82' lang='lat' dir='ltr'>Vases</span> <span class='ocrx_word' id='word_1_210' title='bbox 447 3309 602 3387; x_wconf 80' lang='lat' dir='ltr'>antiques</span> <span class='ocrx_word' id='word_1_211' title='bbox 627 3307 715 3363; x_wconf 87' lang='lat' dir='ltr'><strong><em>Tom.</em></strong></span> <span class='ocrx_word' id='word_1_212' title='bbox 736 3307 773 3374; x_wconf 87' lang='lat' dir='ltr'>I,</span> <span class='ocrx_word' id='word_1_213' title='bbox 803 3303 870 3365; x_wconf 83' lang='lat' dir='ltr'><em>eab.</em></span> <span class='ocrx_word' id='word_1_214' title='bbox 904 3325 951 3385; x_wconf 88' lang='lat'>17.</span> <span class='ocrx_word' id='word_1_215' title='bbox 996 3305 1142 3368; x_wconf 83' lang='lat' dir='ltr'>edocebit</span> 
     </span>
     <span class='ocr_line' id='line_1_28' title="bbox 99 3409 1142 3495; baseline 0.004 -25"><span class='ocrx_word' id='word_1_216' title='bbox 99 3429 157 3470; x_wconf 77' lang='lat' dir='ltr'>nos</span> <span class='ocrx_word' id='word_1_217' title='bbox 178 3413 225 3470; x_wconf 74' lang='lat' dir='ltr'>vir</span> <span class='ocrx_word' id='word_1_218' title='bbox 247 3409 373 3486; x_wconf 80' lang='lat' dir='ltr'>doctus,</span> <span class='ocrx_word' id='word_1_219' title='bbox 421 3416 476 3495; x_wconf 81' lang='lat' dir='ltr'>qui</span> <span class='ocrx_word' id='word_1_220' title='bbox 509 3413 568 3472; x_wconf 81' lang='lat' dir='ltr'>illis</span> <span class='ocrx_word' id='word_1_221' title='bbox 599 3409 782 3472; x_wconf 80' lang='lat' dir='ltr'>illustrandis</span> <span class='ocrx_word' id='word_1_222' title='bbox 812 3409 944 3472; x_wconf 87' lang='lat' dir='ltr'>studium</span> <span class='ocrx_word' id='word_1_223' title='bbox 971 3411 1057 3472; x_wconf 85' lang='lat' dir='ltr'>suum</span> <span class='ocrx_word' id='word_1_224' title='bbox 1088 3413 1142 3474; x_wconf 87' lang='lat' dir='ltr'>ad-</span> 
     </span>
     <span class='ocr_line' id='line_1_29' title="bbox 101 3513 1143 3601; baseline 0.004 -25"><span class='ocrx_word' id='word_1_225' title='bbox 101 3516 190 3586; x_wconf 69' lang='lat' dir='ltr'>dein</span> <span class='ocrx_word' id='word_1_226' title='bbox 229 3513 327 3577; x_wconf 78' lang='lat' dir='ltr'>adstat</span> <span class='ocrx_word' id='word_1_227' title='bbox 346 3521 381 3580; x_wconf 85' lang='lat' dir='ltr'>in</span> <span class='ocrx_word' id='word_1_228' title='bbox 402 3540 442 3580; x_wconf 85' lang='lat' dir='ltr'>eo</span> <span class='ocrx_word' id='word_1_229' title='bbox 464 3519 595 3580; x_wconf 79' lang='lat' dir='ltr'>Palladis</span> <span class='ocrx_word' id='word_1_230' title='bbox 623 3515 740 3594; x_wconf 74' lang='lat' dir='ltr'>statua,</span> <span class='ocrx_word' id='word_1_231' title='bbox 784 3533 816 3583; x_wconf 86' lang='lat' dir='ltr'>vt</span> <span class='ocrx_word' id='word_1_232' title='bbox 846 3523 881 3578; x_wconf 88' lang='lat' dir='ltr'>in</span> <span class='ocrx_word' id='word_1_233' title='bbox 912 3539 1033 3601; x_wconf 82' lang='lat' dir='ltr'>gemma</span> <span class='ocrx_word' id='word_1_234' title='bbox 1058 3521 1143 3601; x_wconf 88' lang='lat' dir='ltr'>apud</span> 
     </span>
    </p>
   </div>
   <div class='ocr_carea' id='block_1_4' title="bbox 100 3623 1142 3792">
    <p class='ocr_par' dir='ltr' id='par_1_4' title="bbox 100 3623 1142 3792">
     <span class='ocr_line' id='line_1_30' title="bbox 104 3623 1142 3714; baseline 0.005 -31"><span class='ocrx_word' id='word_1_235' title='bbox 104 3623 220 3703; x_wconf 82' lang='lat' dir='ltr'>Caylus</span> <span class='ocrx_word' id='word_1_236' title='bbox 248 3625 385 3685; x_wconf 76' lang='lat' dir='ltr'>liecueil</span> <span class='ocrx_word' id='word_1_237' title='bbox 422 3627 510 3687; x_wconf 82' lang='lat' dir='ltr'>Tem.</span> <span class='ocrx_word' id='word_1_238' title='bbox 534 3628 585 3702; x_wconf 78' lang='grc' dir='ltr'>ΙΙ,</span> <span class='ocrx_word' id='word_1_239' title='bbox 609 3628 657 3709; x_wconf 81' lang='lat' dir='ltr'>pl.</span> <span class='ocrx_word' id='word_1_240' title='bbox 685 3635 739 3709; x_wconf 79' lang='lat'>47.</span> <span class='ocrx_word' id='word_1_241' title='bbox 783 3623 836 3688; x_wconf 87' lang='lat' dir='ltr'>vbi</span> <span class='ocrx_word' id='word_1_242' title='bbox 862 3625 985 3688; x_wconf 84' lang='lat' dir='ltr'>Electra</span> <span class='ocrx_word' id='word_1_243' title='bbox 1013 3646 1142 3714; x_wconf 84' lang='lat' dir='ltr'><strong>quoque</strong></span> 
     </span>
     <span class='ocr_line' id='line_1_31' title="bbox 100 3727 203 3792; baseline 0 -1"><span class='ocrx_word' id='word_1_244' title='bbox 100 3727 203 3792; x_wconf 82' lang='lat' dir='ltr'>adllat.</span> 
     </span>
    </p>
   </div>
   <div class='ocr_carea' id='block_1_5' title="bbox 102 3863 1229 4364">
    <p class='ocr_par' dir='ltr' id='par_1_5' title="bbox 102 3863 1229 4364">
     <span class='ocr_line' id='line_1_32' title="bbox 161 3863 1142 3954; baseline 0.005 -27"><span class='ocrx_word' id='word_1_245' title='bbox 161 3865 200 3927; x_wconf 89' lang='lat'>11.</span> <span class='ocrx_word' id='word_1_246' title='bbox 241 3886 274 3949; x_wconf 81' lang='lat' dir='ltr'>p.</span> <span class='ocrx_word' id='word_1_247' title='bbox 297 3886 324 3929; x_wconf 88' lang='lat'>1.</span> <span class='ocrx_word' id='word_1_248' title='bbox 368 3869 450 3928; x_wconf 69' lang='lat' dir='ltr'>ante</span> <span class='ocrx_word' id='word_1_249' title='bbox 477 3867 616 3932; x_wconf 80' lang='lat' dir='ltr'>Indices.</span> <span class='ocrx_word' id='word_1_250' title='bbox 660 3867 880 3954; x_wconf 74' lang='lat' dir='ltr'>Anaglyphum</span> <span class='ocrx_word' id='word_1_251' title='bbox 901 3863 1142 3932; x_wconf 80' lang='lat' dir='ltr'>venullillimum</span> 
     </span>
     <span class='ocr_line' id='line_1_33' title="bbox 104 3974 1145 4061; baseline 0.005 -27"><span class='ocrx_word' id='word_1_252' title='bbox 104 3993 140 4034; x_wconf 83' lang='lat' dir='ltr'>ax</span> <span class='ocrx_word' id='word_1_253' title='bbox 164 3975 287 4033; x_wconf 79' lang='lat' dir='ltr'>Ionian</span> <span class='ocrx_word' id='word_1_254' title='bbox 308 3974 527 4060; x_wconf 70' lang='lat' dir='ltr'>Antiquieies&#39;</span> <span class='ocrx_word' id='word_1_255' title='bbox 545 3981 598 4038; x_wconf 67' lang='lat' dir='ltr'>Tb.</span> <span class='ocrx_word' id='word_1_256' title='bbox 622 3981 668 4046; x_wconf 81' lang='grc' dir='ltr'>ΙΙ,</span> <span class='ocrx_word' id='word_1_257' title='bbox 691 4000 727 4061; x_wconf 85' lang='lat' dir='ltr'>p.</span> <span class='ocrx_word' id='word_1_258' title='bbox 751 3981 804 4058; x_wconf 79' lang='lat'>59.</span> <span class='ocrx_word' id='word_1_259' title='bbox 868 3977 906 4037; x_wconf 87' lang='lat' dir='ltr'>In</span> <span class='ocrx_word' id='word_1_260' title='bbox 930 3976 1035 4036; x_wconf 83' lang='lat' dir='ltr'>medio</span> <span class='ocrx_word' id='word_1_261' title='bbox 1058 3977 1145 4039; x_wconf 82' lang='lat' dir='ltr'>larua</span> 
     </span>
     <span class='ocr_line' id='line_1_34' title="bbox 102 4077 1149 4170; baseline 0.006 -32"><span class='ocrx_word' id='word_1_262' title='bbox 102 4077 212 4140; x_wconf 86' lang='lat' dir='ltr'>Bacchi</span> <span class='ocrx_word' id='word_1_263' title='bbox 234 4079 356 4143; x_wconf 84' lang='lat' dir='ltr'>barbati</span> <span class='ocrx_word' id='word_1_264' title='bbox 377 4089 503 4153; x_wconf 82' lang='lat' dir='ltr'>vittata;</span> <span class='ocrx_word' id='word_1_265' title='bbox 524 4083 605 4146; x_wconf 79' lang='lat' dir='ltr'>stant</span> <span class='ocrx_word' id='word_1_266' title='bbox 625 4089 770 4170; x_wconf 83' lang='lat' dir='ltr'>vtrinqua</span> <span class='ocrx_word' id='word_1_267' title='bbox 787 4085 905 4158; x_wconf 83' lang='lat' dir='ltr'>Fauni,</span> <span class='ocrx_word' id='word_1_268' title='bbox 928 4083 1052 4144; x_wconf 73' lang='lat' dir='ltr'>autibus</span> <span class='ocrx_word' id='word_1_269' title='bbox 1076 4105 1149 4144; x_wconf 85' lang='lat' dir='ltr'>acu·</span> 
     </span>
     <span class='ocr_line' id='line_1_35' title="bbox 105 4185 1229 4278; baseline 0.008 -32"><span class='ocrx_word' id='word_1_270' title='bbox 105 4190 157 4261; x_wconf 78' lang='lat' dir='ltr'>tia,</span> <span class='ocrx_word' id='word_1_271' title='bbox 186 4185 361 4252; x_wconf 84' lang='lat' dir='ltr'>diademate</span> <span class='ocrx_word' id='word_1_272' title='bbox 387 4213 509 4254; x_wconf 87' lang='lat' dir='ltr'>comam</span> <span class='ocrx_word' id='word_1_273' title='bbox 530 4197 680 4268; x_wconf 82' lang='lat' dir='ltr'>reuincti,</span> <span class='ocrx_word' id='word_1_274' title='bbox 710 4209 743 4254; x_wconf 85' lang='lat' dir='ltr'>et</span> <span class='ocrx_word' id='word_1_275' title='bbox 766 4193 842 4254; x_wconf 76' lang='lat' dir='ltr'>alati</span> <span class='ocrx_word' id='word_1_276' title='bbox 865 4190 1013 4254; x_wconf 83' lang='lat' dir='ltr'>inferiore</span> <span class='ocrx_word' id='word_1_277' title='bbox 1036 4211 1149 4274; x_wconf 82' lang='lat' dir='ltr'>corpo·</span> <span class='ocrx_word' id='word_1_278' title='bbox 1226 4272 1229 4278; x_wconf 24' lang='grc' dir='ltr'>Ι</span> 
     </span>
     <span class='ocr_line' id='line_1_36' title="bbox 104 4297 511 4364; baseline 0.027 -11"><span class='ocrx_word' id='word_1_279' title='bbox 104 4313 137 4355; x_wconf 87' lang='lat' dir='ltr'>re</span> <span class='ocrx_word' id='word_1_280' title='bbox 159 4299 194 4354; x_wconf 87' lang='lat' dir='ltr'>in</span> <span class='ocrx_word' id='word_1_281' title='bbox 217 4297 345 4362; x_wconf 79' lang='lat' dir='ltr'>frondea</span> <span class='ocrx_word' id='word_1_282' title='bbox 367 4315 511 4364; x_wconf 77' lang='lat' dir='ltr'><strong>exeunte.</strong></span> 
     </span>
    </p>
   </div>
   <div class='ocr_carea' id='block_1_6' title="bbox 153 4403 782 4468">
    <p class='ocr_par' dir='ltr' id='par_1_6' title="bbox 153 4403 782 4468">
     <span class='ocr_line' id='line_1_37' title="bbox 153 4403 782 4468; baseline 0.01 -8"><span class='ocrx_word' id='word_1_283' title='bbox 153 4403 239 4464; x_wconf 83' lang='lat' dir='ltr'>Tam.</span> <span class='ocrx_word' id='word_1_284' title='bbox 263 4405 321 4468; x_wconf 81' lang='lat' dir='ltr'>Vl.</span> <span class='ocrx_word' id='word_1_285' title='bbox 659 4405 782 4467; x_wconf 76' lang='lat' dir='ltr'><strong>Fffff</strong></span> 
     </span>
    </p>
   </div>
   <div class='ocr_carea' id='block_1_7' title="bbox 0 0 1524 5084">
    <p class='ocr_par' dir='ltr' id='par_1_7' title="bbox 0 0 1524 5084">
     <span class='ocr_line' id='line_1_38' title="bbox 0 0 1524 5084; baseline 0 0"><span class='ocrx_word' id='word_1_286' title='bbox 0 0 1524 5084; x_wconf 95' lang='lat' dir='ltr'> </span> 
     </span>
    </p>
   </div>
  </div>
 </body>
</html>
