3000 5084
324 395 823 465 atarneontu
1029 405 1088 491 mr

45 587 153 654 quam
183 569 376 639 Winolalm.
402 577 437 634 in
457 571 667 651 Desoriptt‘on
694 571 752 652 des
776 573 877 648 pierr.
900 541 1016 650 grau..
1026 596 1094 652 mo-¹

41 680 193 734 morauit
213 691 246 736 et
267 673 376 740 diserte
399 673 443 738 est
462 682 679 757 interpretatus
699 697 731 757 p.
751 679 825 742 555.
847 677 908 738 No.
931 681 1004 756 545.
1034 675 1091 740 Di-

40 777 140 840 versa
163 776 202 838 ab
224 779 333 840 iisdem
353 776 396 847 est
415 801 465 862 ap.
493 782 637 861 lippert.
657 779 742 839 Mill.
766 781 811 848 ΙΙ,
837 780 874 840 P.
892 783 936 850 ΙΙ,
954 782 1014 842 Νο.
1037 785 1090 846 52.

40 881 151 940 Sarda
180 901 249 942 cum
278 883 492 944 immolatione
520 881 574 942 sub
604 879 725 945 arbore.
788 882 936 946 Diuersne
961 906 1089 972 quoque

40 983 123 1044 sunt
141 983 204 1046 No.
226 987 298 1064 34²·
319 989 403 1065 &4
431 985 568 1047 eiusdem
590 988 772 1070 argumenti.

114 1137 182 1198 XL.
225 1160 258 1220 p.
281 1139 355 1219 604.
396 1153 478 1199 ante
505 1139 687 1217 Excttrsum
709 1137 800 1199 XIlI.
844 1135 888 1198 de
909 1139 1086 1218 cognatio*

40 1261 93 1300 ne
113 1243 203 1300 inter
221 1243 379 1324 Epirotas
399 1256 433 1301 et
452 1243 629 1302 Romanos.
681 1237 817 1322 Exprell't
839 1239 908 1304 iunt
927 1248 1014 1302 numi
1037 1264 1087 1304 vr·

40 1341 94 1404 bis
118 1347 221 1425 Epiri,
256 1345 464 1426 Nicopoleot‚
498 1343 536 1404 ab
558 1339 696 1427 Augusto
721 1345 866 1405 conditae
889 1345 929 1404 ad
949 1349 1083 1420 Actium,

40 1462 286 1507 monumentum
309 1452 454 1510 victoriae
479 1448 633 1510 Actiacae.
697 1446 810 1508 Priorit
837 1451 925 1508 numi
955 1465 1085 1533 utraque

40 1571 118 1633 part
146 1547 190 1610 est
218 1546 371 1631 exprella,
406 1551 500 1613 altera
528 1564 622 1631 eaput
651 1545 779 1632 lugunt
812 1547 977 1625 exhibens,
1014 1575 1086 1640 cum¹

40 1650 233 1735 epigraphe:
275 1653 434 1734 Xtssnurtt
464 1675 603 1737 κτισιης,
637 1653 734 1712 altera
763 1667 855 1732 caput
874 1658 940 1734 apri
963 1655 1082 1716 transii-

40 1777 136 1827 xum,
171 1755 335 1840 calydonii
353 1773 446 1836 puta,
483 1759 538 1840 qui
559 1753 672 1842 mythis
697 1754 736 1815 de
764 1757 830 1814 aiut
856 1755 1023 1817 venatione
1047 1763 1082 1820 itt

40 1861 146 1918 vicina
166 1859 286 1918 Aetolia
308 1858 479 1920 celebratur
501 1859 576 1920 fuit:
620 1877 658 1919 ex
686 1875 748 1942 qua
776 1853 891 1917 incolas
916 1873 949 1918 et
968 1876 1081 1921 monu-

40 1978 169 2034 menta,
206 1965 302 2044 inque
325 1959 371 2022 hit
394 1965 462 2042 apri
482 1961 647 2045 Calydonli
669 1965 795 2024 exuuias
802 2003 812 2034 ,
840 1965 873 2020 ln
894 1980 1011 2021 nouam
1032 1983 1080 2022 vu·
1154 2041 1158 2054 ¹

40 2062 120 2125 bem
141 2063 314 2126 traduxerat
329 2061 497 2148 Augustus,
521 2062 648 2125 Paulam
670 2063 740 2137 Vll,
768 2065 814 2128 18.
834 2085 866 2144 p.
888 2065 961 2143 569.
1017 2065 1081 2126 Ad·
1121 2117 1122 2122 ,

40 2167 210 2247 scriptum:
249 2167 421 2237 Ntttortltt.
486 2164 629 2226 Tertium
654 2163 775 2250 fignum
799 2163 841 2226 est
862 2183 933 2245 pars
956 2165 1080 2230 alterius

40 2274 149 2341 numi,
185 2271 239 2350 qui
262 2269 357 2329 altera
380 2284 469 2350 parte
489 2270 573 2332 idem
596 2263 722 2354 Augusti
745 2284 839 2349 caput
862 2266 1004 2344 exhibet,
1038 2273 1081 2332 al·

40 2385 110 2432 tera
139 2386 259 2430 ramum
283 2372 403 2451 palmae
431 2375 514 2433 intra
545 2389 693 2434 coronam
718 2371 831 2431 laureis
856 2371 1017 2433 frondibus
1049 2390 1081 2435 et

40 2472 146 2536 rostris
167 2491 298 2546 nexam,
328 2490 396 2533 cum
417 2474 535 2535 verbis:
564 2453 727 2544 Ntutroltt
748 2477 824 2558 Ιεριι.
880 2471 973 2535 Periti
993 2481 1081 2538 numi

40 2599 85 2638 ex
104 2575 304 2636 Motellt'ano
331 2575 494 2656 Thesauro
519 2574 598 2636 Tab.
617 2577 686 2636 XL.
708 2576 770 2642 No.
796 2597 844 2657 ιγ.
870 2579 919 2640 18.
945 2599 992 2657 ¹9·

108 2712 189 2773 xm.
232 2733 266 2794 p.
287 2715 360 2776 606.
402 2725 484 2771 ane«
509 2696 695 2789 memsam
714 2711 806 2771 XVI.
850 2708 894 2768 tte
912 2713 1077 2776 Herculea

43 2817 200 2877 Tarento.
244 2809 405 2896 Exprellut
425 2812 469 2875 est
490 2833 604 2874 numus
625 2816 755 2873 Tarenti
780 2827 981 2884 autonomus;
1004 2818 1080 2878 alte·

40 2937 79 2979 ra
99 2932 188 2999 parte
214 2933 308 2998 caput
329 2917 418 2977 virile
437 2917 625 2978 laurentum:
647 2917 830 2996 adscriptum
851 2907 965 3000 Tapae.
988 2917 1080 2982 heroa

42 3016 313 3093 celebratill'trnua,
332 3023 367 3080 in
387 3039 499 3104 magna
517 3041 685 3082 nemorum
703 3022 793 3098 copia
802 3055 812 3090 ,
835 3021 866 3076 in
887 3019 998 3100 quibua
1013 3022 1079 3085 del-

40 3122 142 3206 phino
164 3121 292 3196 inlidet,
314 3123 444 3182 iuuenili
465 3122 583 3204 specie,
610 3127 644 3183 in
665 3122 760 3181 altera
784 3134 874 3200 parte
896 3119 938 3184 est
959 3125 1079 3184 Hercu·

40 3227 86 3287 let
106 3225 230 3286 leonem
251 3224 357 3304 spiritu
378 3224 450 3286 eliso
474 3245 609 3296 necantz
644 3225 827 3304 adscriptum
851 3222 973 3306 Ταρας,
1005 3247 1076 3288 cum

40 3323 130 3410 figuo
149 3331 322 3388 monetario
351 3327 389 3392 Φ.
443 3325 598 3388 Exhibent
617 3347 746 3387 numum
774 3327 926 3402 Magnae
946 3328 1078 3404 lanscel-

40 3431 143 3490 lauea
163 3428 393 3508 mtmt‘smntica
419 3429 473 3488 Tb.
493 3432 553 3502 ΙΙΙ,
575 3427 642 3488 tab.
662 3433 716 3507 43,
739 3430 781 3488 Χ.
825 3428 928 3488 Alium
948 3427 1077 3492 similent

40 3535 115 3616 (qui
137 3537 223 3594 etin
250 3532 364 3610 Museo
392 3531 534 3592 Hunter.
561 3531 628 3593 tub.
659 3531 748 3606 LVI,
787 3551 834 3591 tt.
870 3529 989 3613 vifitur)
1024 3535 1078 3596 sed

40 3657 111 3697 cum
136 3635 269 3696 Palladit
295 3637 395 3715 capite
417 3649 570 3695 memorat
594 3633 719 3696 nothel
737 3635 852 3693 Doctr.
884 3631 986 3697 Num.
1022 3640 1077 3698 To.

41 3743 73 3806 I,
94 3759 129 3820 p.
162 3741 231 3818 148.
274 3741 329 3820 qui
355 3735 522 3796 Herculem
550 3737 589 3796 ad
609 3737 790 3797 Heracleam
812 3755 960 3798 reuocare
981 3739 1078 3800 male·

40 3841 111 3912 bat;
145 3840 231 3923 quod
257 3844 292 3900 in
321 3836 426 3900 nostro
451 3858 550 3900 numo
583 3837 688 3900 locum
707 3859 776 3901 non
797 3836 906 3912 haben
942 3843 997 3924 qui
1018 3837 1075 3922 ipii

40 3947 178 4006 Tarento
200 3941 402 4004 vindicandus
424 3935 486 4002 effe
508 3941 637 4002 videtur.

105 4075 199 4140 XLII.
238 4103 273 4162 p.
297 4081 334 4143 61
341 4099 369 4155 ι.
402 4046 525 4160 adsta.
547 4071 764 4154 Excursuum.
798 4070 963 4147 Arethusa,
986 4095 1075 4160 nym-

41 4179 105 4264 plta
127 4201 158 4244 et
179 4183 249 4246 font
271 4181 485 4270 Syracusarum
512 4186 545 4242 in
567 4181 696 4265 Ortygia
716 4175 829 4239 insulae
868 4197 923 4240 ore
947 4173 1075 4241 adu'erlo

43 4283 260 4370 elegantiffime
282 4282 386 4350 efficta
413 4289 449 4350 iu
475 4284 733 4370 Syracusanorum
753 4285 873 4363 numia;
904 4301 998 4365 quern
1022 4303 1074 4342 ex·

96 4389 182 4452 Toni.
205 4389 263 4454 VI.
595 4385 742 4448 Crete
