<?xml version="1.0" encoding="UTF-8"?>
<!DOCTYPE html PUBLIC "-//W3C//DTD XHTML 1.0 Transitional//EN"
    "http://www.w3.org/TR/xhtml1/DTD/xhtml1-transitional.dtd">
<html xmlns="http://www.w3.org/1999/xhtml" xml:lang="en" lang="en">
 <head>
  <title>
</title>
<meta http-equiv="Content-Type" content="text/html;charset=utf-8" />
  <meta name='ocr-system' content='tesseract 3.04.00' />
  <meta name='ocr-capabilities' content='ocr_page ocr_carea ocr_par ocr_line ocrx_word'/>
</head>
<body>
  <div class='ocr_page' id='page_1' title='image "./varietatelectio00virggoog_0751.png"; bbox 0 0 3000 5084; ppageno 0'>
   <div class='ocr_carea' id='block_1_1' title="bbox 275 313 1131 398">
    <p class='ocr_par' dir='ltr' id='par_1_1' title="bbox 275 313 1131 398">
     <span class='ocr_line' id='line_1_1' title="bbox 275 313 1131 398; baseline -0.018 -6"><span class='ocrx_word' id='word_1_1' title='bbox 275 339 287 392; x_wconf 71' lang='grc' dir='ltr'><strong>ἲ</strong></span> <span class='ocrx_word' id='word_1_2' title='bbox 363 313 861 390; x_wconf 71' lang='lat' dir='ltr'>PAR-ERGORVM</span> <span class='ocrx_word' id='word_1_3' title='bbox 1062 313 1131 398; x_wconf 64' lang='lat'><strong>957</strong></span> 
     </span>
    </p>
   </div>
   <div class='ocr_carea' id='block_1_2' title="bbox 75 483 1129 898">
    <p class='ocr_par' dir='ltr' id='par_1_2' title="bbox 75 483 1129 898">
     <span class='ocr_line' id='line_1_2' title="bbox 75 483 1129 592; baseline -0.003 -34"><span class='ocrx_word' id='word_1_4' title='bbox 75 491 296 578; x_wconf 77' lang='lat' dir='ltr'><strong>minorem,</strong></span> <span class='ocrx_word' id='word_1_5' title='bbox 331 489 449 564; x_wconf 90' lang='lat' dir='ltr'><strong>modo</strong></span> <span class='ocrx_word' id='word_1_6' title='bbox 481 493 661 566; x_wconf 85' lang='lat' dir='ltr'><strong>maiorem</strong></span> <span class='ocrx_word' id='word_1_7' title='bbox 692 517 762 592; x_wconf 84' lang='lat' dir='ltr'><strong>pro</strong></span> <span class='ocrx_word' id='word_1_8' title='bbox 795 489 909 592; x_wconf 79' lang='lat' dir='ltr'><strong>spatio</strong></span> <span class='ocrx_word' id='word_1_9' title='bbox 936 489 977 562; x_wconf 92' lang='lat' dir='ltr'><strong>in</strong></span> <span class='ocrx_word' id='word_1_10' title='bbox 1002 483 1129 562; x_wconf 74' lang='lat' dir='ltr'><strong>charta</strong></span> 
     </span>
     <span class='ocr_line' id='line_1_3' title="bbox 76 637 1126 742; baseline -0.006 -26"><span class='ocrx_word' id='word_1_11' title='bbox 76 665 104 716; x_wconf 77' lang='lat' dir='ltr'><strong>a</strong></span> <span class='ocrx_word' id='word_1_12' title='bbox 132 637 294 717; x_wconf 79' lang='lat' dir='ltr'><strong>librariis</strong></span> <span class='ocrx_word' id='word_1_13' title='bbox 318 645 440 742; x_wconf 85' lang='lat' dir='ltr'><strong>operis</strong></span> <span class='ocrx_word' id='word_1_14' title='bbox 462 643 605 734; x_wconf 85' lang='lat' dir='ltr'><strong>relicto.</strong></span> <span class='ocrx_word' id='word_1_15' title='bbox 674 647 841 730; x_wconf 84' lang='lat' dir='ltr'><strong>Omnino</strong></span> <span class='ocrx_word' id='word_1_16' title='bbox 867 641 986 716; x_wconf 90' lang='lat' dir='ltr'><strong>nolim</strong></span> <span class='ocrx_word' id='word_1_17' title='bbox 1009 663 1126 740; x_wconf 86' lang='lat' dir='ltr'><strong>quen-</strong></span> 
     </span>
     <span class='ocr_line' id='line_1_4' title="bbox 77 789 1124 898; baseline -0.007 -31"><span class='ocrx_word' id='word_1_18' title='bbox 77 818 204 898; x_wconf 76' lang='lat' dir='ltr'><strong>quam</strong></span> <span class='ocrx_word' id='word_1_19' title='bbox 221 795 330 867; x_wconf 83' lang='lat' dir='ltr'><strong>nimis</strong></span> <span class='ocrx_word' id='word_1_20' title='bbox 353 795 545 872; x_wconf 87' lang='lat' dir='ltr'><strong>morosum·</strong></span> <span class='ocrx_word' id='word_1_21' title='bbox 563 792 635 871; x_wconf 86' lang='lat' dir='ltr'><strong>effe</strong></span> <span class='ocrx_word' id='word_1_22' title='bbox 654 801 693 868; x_wconf 86' lang='lat' dir='ltr'><strong>in</strong></span> <span class='ocrx_word' id='word_1_23' title='bbox 713 797 780 889; x_wconf 87' lang='lat' dir='ltr'><strong>his,</strong></span> <span class='ocrx_word' id='word_1_24' title='bbox 805 823 902 898; x_wconf 85' lang='lat' dir='ltr'><strong>quae</strong></span> <span class='ocrx_word' id='word_1_25' title='bbox 925 819 995 868; x_wconf 88' lang='lat' dir='ltr'><strong>neo</strong></span> <span class='ocrx_word' id='word_1_26' title='bbox 1020 789 1124 864; x_wconf 84' lang='lat' dir='ltr'><strong>laudi</strong></span> 
     </span>
    </p>
   </div>
   <div class='ocr_carea' id='block_1_3' title="bbox 77 945 1110 1060">
    <p class='ocr_par' dir='ltr' id='par_1_3' title="bbox 77 945 1110 1060">
     <span class='ocr_line' id='line_1_5' title="bbox 77 945 1110 1060; baseline -0.007 -33"><span class='ocrx_word' id='word_1_27' title='bbox 77 971 158 1027; x_wconf 79' lang='lat' dir='ltr'><strong>nec</strong></span> <span class='ocrx_word' id='word_1_28' title='bbox 178 945 456 1051; x_wconf 72' lang='lat' dir='ltr'><strong>reprehenfioni</strong></span> <span class='ocrx_word' id='word_1_29' title='bbox 478 949 859 1060; x_wconf 74' lang='lat' dir='ltr'><strong>locummagnopere</strong></span> <span class='ocrx_word' id='word_1_30' title='bbox 882 950 1110 1050; x_wconf 79' lang='lat' dir='ltr'><strong>relinquunt.</strong></span> 
     </span>
    </p>
   </div>
   <div class='ocr_carea' id='block_1_4' title="bbox 60 1411 1118 4128">
    <p class='ocr_par' dir='ltr' id='par_1_4' title="bbox 60 1411 1118 4128">
     <span class='ocr_line' id='line_1_6' title="bbox 151 1411 1118 1527; baseline -0.008 -31"><span class='ocrx_word' id='word_1_31' title='bbox 151 1424 257 1498; x_wconf 81' lang='lat' dir='ltr'><strong>Haeo</strong></span> <span class='ocrx_word' id='word_1_32' title='bbox 279 1420 432 1527; x_wconf 85' lang='lat' dir='ltr'><strong>quidem</strong></span> <span class='ocrx_word' id='word_1_33' title='bbox 455 1427 496 1496; x_wconf 90' lang='lat' dir='ltr'><strong>in</strong></span> <span class='ocrx_word' id='word_1_34' title='bbox 519 1418 707 1522; x_wconf 75' lang='lat' dir='ltr'><strong>ssiperiore</strong></span> <span class='ocrx_word' id='word_1_35' title='bbox 725 1411 1118 1522; x_wconf 66' lang='lat' dir='ltr'><strong>Editione‘praemiffa</strong></span> 
     </span>
     <span class='ocr_line' id='line_1_7' title="bbox 76 1570 1117 1678; baseline -0.01 -24"><span class='ocrx_word' id='word_1_36' title='bbox 76 1595 186 1654; x_wconf 81' lang='lat' dir='ltr'><strong>erant</strong></span> <span class='ocrx_word' id='word_1_37' title='bbox 206 1573 387 1650; x_wconf 83' lang='lat' dir='ltr'><strong>Recensui</strong></span> <span class='ocrx_word' id='word_1_38' title='bbox 408 1579 674 1676; x_wconf 81' lang='lat' dir='ltr'><strong>Parergorum:</strong></span> <span class='ocrx_word' id='word_1_39' title='bbox 712 1602 830 1678; x_wconf 85' lang='lat' dir='ltr'><strong>quae,</strong></span> <span class='ocrx_word' id='word_1_40' title='bbox 854 1582 894 1656; x_wconf 83' lang='lat' dir='ltr'><strong>in</strong></span> <span class='ocrx_word' id='word_1_41' title='bbox 919 1599 1020 1652; x_wconf 85' lang='lat' dir='ltr'><strong>noua</strong></span> <span class='ocrx_word' id='word_1_42' title='bbox 1043 1570 1117 1644; x_wconf 88' lang='lat' dir='ltr'><strong>hac</strong></span> 
     </span>
     <span class='ocr_line' id='line_1_8' title="bbox 76 1723 1114 1820; baseline -0.014 -10"><span class='ocrx_word' id='word_1_43' title='bbox 76 1730 264 1820; x_wconf 75' lang='lat' dir='ltr'><strong>editione,</strong></span> <span class='ocrx_word' id='word_1_44' title='bbox 297 1749 443 1805; x_wconf 80' lang='lat' dir='ltr'><strong>tentum</strong></span> <span class='ocrx_word' id='word_1_45' title='bbox 461 1756 541 1807; x_wconf 88' lang='lat' dir='ltr'><strong>non</strong></span> <span class='ocrx_word' id='word_1_46' title='bbox 565 1735 692 1804; x_wconf 88' lang='lat' dir='ltr'><strong>omnia</strong></span> <span class='ocrx_word' id='word_1_47' title='bbox 716 1728 860 1808; x_wconf 81' lang='lat' dir='ltr'><strong>diuersa</strong></span> <span class='ocrx_word' id='word_1_48' title='bbox 884 1728 930 1802; x_wconf 90' lang='lat' dir='ltr'><strong>ab</strong></span> <span class='ocrx_word' id='word_1_49' title='bbox 952 1732 996 1800; x_wconf 84' lang='lat' dir='ltr'><strong>iis</strong></span> <span class='ocrx_word' id='word_1_50' title='bbox 1022 1723 1114 1814; x_wconf 80' lang='lat' dir='ltr'><strong>sunt,</strong></span> 
     </span>
     <span class='ocr_line' id='line_1_9' title="bbox 75 1880 1114 1986; baseline -0.007 -30"><span class='ocrx_word' id='word_1_51' title='bbox 75 1889 240 1986; x_wconf 82' lang='lat' dir='ltr'><strong>quaein</strong></span> <span class='ocrx_word' id='word_1_52' title='bbox 264 1884 367 1958; x_wconf 79' lang='lat' dir='ltr'><strong>illam</strong></span> <span class='ocrx_word' id='word_1_53' title='bbox 386 1903 493 1962; x_wconf 85' lang='lat' dir='ltr'><strong>erant</strong></span> <span class='ocrx_word' id='word_1_54' title='bbox 512 1880 665 1973; x_wconf 71' lang='lat' dir='ltr'><strong>inserta,</strong></span> <span class='ocrx_word' id='word_1_55' title='bbox 693 1901 774 1964; x_wconf 86' lang='lat' dir='ltr'><strong>tum</strong></span> <span class='ocrx_word' id='word_1_56' title='bbox 794 1907 882 1957; x_wconf 89' lang='lat' dir='ltr'><strong>vero</strong></span> <span class='ocrx_word' id='word_1_57' title='bbox 910 1885 1024 1956; x_wconf 85' lang='lat' dir='ltr'><strong>etiam</strong></span> <span class='ocrx_word' id='word_1_58' title='bbox 1044 1903 1114 1950; x_wconf 91' lang='lat' dir='ltr'><strong>nu·</strong></span> 
     </span>
     <span class='ocr_line' id='line_1_10' title="bbox 75 2035 1113 2118; baseline -0.01 -6"><span class='ocrx_word' id='word_1_59' title='bbox 75 2061 182 2115; x_wconf 82' lang='lat' dir='ltr'><strong>mero</strong></span> <span class='ocrx_word' id='word_1_60' title='bbox 202 2036 362 2114; x_wconf 86' lang='lat' dir='ltr'><strong>multum</strong></span> <span class='ocrx_word' id='word_1_61' title='bbox 386 2035 470 2110; x_wconf 83' lang='lat' dir='ltr'><strong>funt</strong></span> <span class='ocrx_word' id='word_1_62' title='bbox 496 2041 676 2114; x_wconf 85' lang='lat' dir='ltr'><strong>auctiora.</strong></span> <span class='ocrx_word' id='word_1_63' title='bbox 758 2041 856 2112; x_wconf 88' lang='lat' dir='ltr'><strong>Cum</strong></span> <span class='ocrx_word' id='word_1_64' title='bbox 882 2035 1113 2118; x_wconf 78' lang='lat' dir='ltr'><strong>enimFrit·</strong></span> 
     </span>
     <span class='ocr_line' id='line_1_11' title="bbox 60 2190 1111 2296; baseline -0.006 -32"><span class='ocrx_word' id='word_1_65' title='bbox 60 2191 192 2296; x_wconf 63' lang='lat' dir='ltr'><strong>sthii,</strong></span> <span class='ocrx_word' id='word_1_66' title='bbox 216 2190 456 2280; x_wconf 80' lang='lat' dir='ltr'><strong>redemtoris,</strong></span> <span class='ocrx_word' id='word_1_67' title='bbox 484 2197 584 2272; x_wconf 87' lang='lat' dir='ltr'><strong>inter</strong></span> <span class='ocrx_word' id='word_1_68' title='bbox 606 2192 775 2266; x_wconf 80' lang='lat' dir='ltr'>librarios</span> <span class='ocrx_word' id='word_1_69' title='bbox 800 2192 1023 2266; x_wconf 82' lang='lat' dir='ltr'><strong>Germaniae</strong></span> <span class='ocrx_word' id='word_1_70' title='bbox 1042 2210 1111 2259; x_wconf 90' lang='lat' dir='ltr'><strong>no·</strong></span> 
     </span>
     <span class='ocr_line' id='line_1_12' title="bbox 73 2338 1109 2432; baseline -0.008 -12"><span class='ocrx_word' id='word_1_71' title='bbox 73 2344 169 2420; x_wconf 86' lang='lat' dir='ltr'><strong>strae</strong></span> <span class='ocrx_word' id='word_1_72' title='bbox 190 2338 269 2419; x_wconf 86' lang='lat' dir='ltr'><strong>non</strong></span> <span class='ocrx_word' id='word_1_73' title='bbox 293 2349 416 2421; x_wconf 89' lang='lat' dir='ltr'><strong>minus</strong></span> <span class='ocrx_word' id='word_1_74' title='bbox 444 2344 590 2430; x_wconf 75' lang='lat' dir='ltr'><strong>liberali</strong></span> <span class='ocrx_word' id='word_1_75' title='bbox 620 2345 723 2422; x_wconf 79' lang='lat' dir='ltr'><strong>sensu</strong></span> <span class='ocrx_word' id='word_1_76' title='bbox 756 2366 795 2424; x_wconf 88' lang='lat' dir='ltr'><strong>et</strong></span> <span class='ocrx_word' id='word_1_77' title='bbox 823 2345 943 2426; x_wconf 82' lang='lat' dir='ltr'><strong>laudis</strong></span> <span class='ocrx_word' id='word_1_78' title='bbox 977 2338 1109 2432; x_wconf 79' lang='lat' dir='ltr'><strong>studio,</strong></span> 
     </span>
     <span class='ocr_line' id='line_1_13' title="bbox 74 2497 1109 2604; baseline -0.011 -26"><span class='ocrx_word' id='word_1_79' title='bbox 74 2523 189 2604; x_wconf 77' lang='lat' dir='ltr'><strong>quam</strong></span> <span class='ocrx_word' id='word_1_80' title='bbox 211 2497 458 2598; x_wconf 79' lang='lat' dir='ltr'><strong>intelligentia</strong></span> <span class='ocrx_word' id='word_1_81' title='bbox 488 2517 527 2574; x_wconf 89' lang='lat' dir='ltr'><strong>et</strong></span> <span class='ocrx_word' id='word_1_82' title='bbox 549 2499 750 2600; x_wconf 88' lang='lat' dir='ltr'><strong>prudentia</strong></span> <span class='ocrx_word' id='word_1_83' title='bbox 783 2499 989 2602; x_wconf 82' lang='lat' dir='ltr'><strong>conspicui,</strong></span> <span class='ocrx_word' id='word_1_84' title='bbox 1030 2499 1109 2568; x_wconf 89' lang='lat' dir='ltr'><strong>ani·</strong></span> 
     </span>
     <span class='ocr_line' id='line_1_14' title="bbox 72 2647 1108 2754; baseline -0.005 -29"><span class='ocrx_word' id='word_1_85' title='bbox 72 2677 157 2727; x_wconf 87' lang='lat' dir='ltr'><strong>mus</strong></span> <span class='ocrx_word' id='word_1_86' title='bbox 174 2647 336 2727; x_wconf 72' lang='lat' dir='ltr'><strong>successu</strong></span> <span class='ocrx_word' id='word_1_87' title='bbox 357 2655 490 2751; x_wconf 69' lang='lat' dir='ltr'><strong>pxion‘s</strong></span> <span class='ocrx_word' id='word_1_88' title='bbox 515 2651 689 2726; x_wconf 88' lang='lat' dir='ltr'><strong>editionis</strong></span> <span class='ocrx_word' id='word_1_89' title='bbox 710 2650 800 2727; x_wconf 81' lang='lat' dir='ltr'><strong>effet</strong></span> <span class='ocrx_word' id='word_1_90' title='bbox 821 2670 977 2742; x_wconf 69' lang='lat' dir='ltr'><strong>erectim,</strong></span> <span class='ocrx_word' id='word_1_91' title='bbox 1005 2674 1108 2754; x_wconf 86' lang='lat' dir='ltr'><strong>oum-¹</strong></span> 
     </span>
     <span class='ocr_line' id='line_1_15' title="bbox 72 2781 1105 2917; baseline 0 -42"><span class='ocrx_word' id='word_1_92' title='bbox 72 2829 255 2906; x_wconf 86' lang='lat' dir='ltr'><strong>quaeum</strong></span> <span class='ocrx_word' id='word_1_93' title='bbox 273 2801 372 2880; x_wconf 85' lang='lat' dir='ltr'><strong>male</strong></span> <span class='ocrx_word' id='word_1_94' title='bbox 389 2801 588 2914; x_wconf 79' lang='lat' dir='ltr'><strong>habniffet,</strong></span> <span class='ocrx_word' id='word_1_95' title='bbox 609 2805 731 2917; x_wconf 83' lang='lat' dir='ltr'><strong>quod,</strong></span> <span class='ocrx_word' id='word_1_96' title='bbox 758 2810 895 2878; x_wconf 87' lang='lat' dir='ltr'><strong>iterum</strong></span> <span class='ocrx_word' id='word_1_97' title='bbox 918 2781 987 2875; x_wconf 80' lang='lat' dir='ltr'><strong>[his</strong></span> <span class='ocrx_word' id='word_1_98' title='bbox 1009 2807 1105 2902; x_wconf 83' lang='lat' dir='ltr'><strong>typis</strong></span> 
     </span>
     <span class='ocr_line' id='line_1_16' title="bbox 71 2949 1106 3050; baseline 0.003 -24"><span class='ocrx_word' id='word_1_99' title='bbox 71 2949 282 3050; x_wconf 84' lang='lat' dir='ltr'><strong>euulgando</strong></span> <span class='ocrx_word' id='word_1_100' title='bbox 305 2979 389 3028; x_wconf 82' lang='lat' dir='ltr'><strong>eam</strong></span> <span class='ocrx_word' id='word_1_101' title='bbox 409 2955 636 3048; x_wconf 86' lang='lat' dir='ltr'><strong>editionem,</strong></span> <span class='ocrx_word' id='word_1_102' title='bbox 659 2956 894 3031; x_wconf 80' lang='lat' dir='ltr'><strong>librariorum</strong></span> <span class='ocrx_word' id='word_1_103' title='bbox 913 2961 1010 3030; x_wconf 89' lang='lat' dir='ltr'><strong>inter</strong></span> <span class='ocrx_word' id='word_1_104' title='bbox 1030 2959 1106 3029; x_wconf 88' lang='lat' dir='ltr'><strong>Bri·</strong></span> 
     </span>
     <span class='ocr_line' id='line_1_17' title="bbox 67 3102 1105 3213; baseline 0.008 -37"><span class='ocrx_word' id='word_1_105' title='bbox 67 3124 204 3178; x_wconf 87' lang='lat' dir='ltr'><strong>tannos</strong></span> <span class='ocrx_word' id='word_1_106' title='bbox 225 3102 439 3184; x_wconf 81' lang='lat' dir='ltr'><strong>societatem</strong></span> <span class='ocrx_word' id='word_1_107' title='bbox 463 3114 503 3182; x_wconf 90' lang='lat' dir='ltr'><strong>in</strong></span> <span class='ocrx_word' id='word_1_108' title='bbox 524 3107 625 3182; x_wconf 78' lang='lat' dir='ltr'><strong>[itam</strong></span> <span class='ocrx_word' id='word_1_109' title='bbox 646 3105 903 3213; x_wconf 81' lang='lat' dir='ltr'><strong>poffeffionem</strong></span> <span class='ocrx_word' id='word_1_110' title='bbox 925 3105 1105 3186; x_wconf 79' lang='lat' dir='ltr'><strong>inuolaffe</strong></span> 
     </span>
     <span class='ocr_line' id='line_1_18' title="bbox 67 3256 1104 3362; baseline 0.004 -30"><span class='ocrx_word' id='word_1_111' title='bbox 67 3256 237 3335; x_wconf 73' lang='lat' dir='ltr'><strong>videbatz</strong></span> <span class='ocrx_word' id='word_1_112' title='bbox 277 3287 419 3336; x_wconf 90' lang='lat' dir='ltr'><strong>nouam</strong></span> <span class='ocrx_word' id='word_1_113' title='bbox 450 3259 526 3362; x_wconf 81' lang='lat' dir='ltr'><strong>ipse</strong></span> <span class='ocrx_word' id='word_1_114' title='bbox 550 3287 681 3362; x_wconf 82' lang='lat' dir='ltr'><strong>parare</strong></span> <span class='ocrx_word' id='word_1_115' title='bbox 705 3263 911 3342; x_wconf 85' lang='lat' dir='ltr'><strong>editionem</strong></span> <span class='ocrx_word' id='word_1_116' title='bbox 937 3265 1104 3336; x_wconf 77' lang='lat' dir='ltr'><strong>Maronis</strong></span> 
     </span>
     <span class='ocr_line' id='line_1_19' title="bbox 65 3405 1103 3516; baseline 0.006 -30"><span class='ocrx_word' id='word_1_117' title='bbox 65 3405 274 3503; x_wconf 86' lang='lat' dir='ltr'><strong>constituit,</strong></span> <span class='ocrx_word' id='word_1_118' title='bbox 311 3437 404 3514; x_wconf 86' lang='lat' dir='ltr'><strong>qua,</strong></span> <span class='ocrx_word' id='word_1_119' title='bbox 421 3409 467 3486; x_wconf 66' lang='lat' dir='ltr'><strong>‘fi</strong></span> <span class='ocrx_word' id='word_1_120' title='bbox 488 3440 567 3494; x_wconf 91' lang='lat' dir='ltr'><strong>non</strong></span> <span class='ocrx_word' id='word_1_121' title='bbox 588 3415 798 3516; x_wconf 81' lang='lat' dir='ltr'><strong>opulentia,</strong></span> <span class='ocrx_word' id='word_1_122' title='bbox 836 3435 1002 3493; x_wconf 87' lang='lat' dir='ltr'><strong>attamen</strong></span> <span class='ocrx_word' id='word_1_123' title='bbox 1026 3415 1103 3492; x_wconf 87' lang='lat' dir='ltr'><strong>ele·</strong></span> 
     </span>
     <span class='ocr_line' id='line_1_20' title="bbox 64 3535 1103 3669; baseline 0.006 -33"><span class='ocrx_word' id='word_1_124' title='bbox 64 3567 192 3669; x_wconf 74' lang='lat' dir='ltr'><strong>gantis</strong></span> <span class='ocrx_word' id='word_1_125' title='bbox 224 3583 263 3639; x_wconf 88' lang='lat' dir='ltr'><strong>et</strong></span> <span class='ocrx_word' id='word_1_126' title='bbox 277 3563 466 3641; x_wconf 80' lang='lat' dir='ltr'><strong>venustate</strong></span> <span class='ocrx_word' id='word_1_127' title='bbox 489 3594 577 3645; x_wconf 84' lang='lat' dir='ltr'><strong>cum</strong></span> <span class='ocrx_word' id='word_1_128' title='bbox 600 3573 783 3648; x_wconf 85' lang='lat' dir='ltr'><strong>Britannis</strong></span> <span class='ocrx_word' id='word_1_129' title='bbox 810 3535 980 3644; x_wconf 74' lang='lat' dir='ltr'><strong>cenaret.</strong></span> <span class='ocrx_word' id='word_1_130' title='bbox 1031 3573 1103 3642; x_wconf 85' lang='lat' dir='ltr'><strong>Ita·</strong></span> 
     </span>
     <span class='ocr_line' id='line_1_21' title="bbox 64 3722 1101 3824; baseline 0.008 -37"><span class='ocrx_word' id='word_1_131' title='bbox 64 3739 144 3819; x_wconf 86' lang='lat' dir='ltr'><strong>que</strong></span> <span class='ocrx_word' id='word_1_132' title='bbox 177 3725 402 3794; x_wconf 85' lang='lat' dir='ltr'><strong>ornamentis</strong></span> <span class='ocrx_word' id='word_1_133' title='bbox 435 3745 591 3824; x_wconf 84' lang='lat' dir='ltr'><strong>quoque</strong></span> <span class='ocrx_word' id='word_1_134' title='bbox 625 3722 941 3824; x_wconf 81' lang='lat' dir='ltr'><strong>chalcographiois</strong></span> <span class='ocrx_word' id='word_1_135' title='bbox 978 3727 1031 3796; x_wconf 87' lang='lat' dir='ltr'><strong>ita</strong></span> <span class='ocrx_word' id='word_1_136' title='bbox 1065 3727 1101 3795; x_wconf 91' lang='lat' dir='ltr'><strong>ei</strong></span> 
     </span>
     <span class='ocr_line' id='line_1_22' title="bbox 64 3867 1103 3974; baseline 0.001 -27"><span class='ocrx_word' id='word_1_137' title='bbox 64 3867 274 3947; x_wconf 81' lang='lat' dir='ltr'><strong>consultum</strong></span> <span class='ocrx_word' id='word_1_138' title='bbox 297 3871 379 3947; x_wconf 84' lang='lat' dir='ltr'><strong>fore</strong></span> <span class='ocrx_word' id='word_1_139' title='bbox 403 3872 517 3948; x_wconf 81' lang='lat' dir='ltr'><strong>visum</strong></span> <span class='ocrx_word' id='word_1_140' title='bbox 542 3871 610 3966; x_wconf 84' lang='lat' dir='ltr'><strong>est,</strong></span> <span class='ocrx_word' id='word_1_141' title='bbox 650 3872 677 3949; x_wconf 84' lang='lat' dir='ltr'><strong>fi</strong></span> <span class='ocrx_word' id='word_1_142' title='bbox 705 3879 824 3950; x_wconf 85' lang='lat' dir='ltr'><strong>maior</strong></span> <span class='ocrx_word' id='word_1_143' title='bbox 856 3893 894 3948; x_wconf 89' lang='lat' dir='ltr'><strong>ot</strong></span> <span class='ocrx_word' id='word_1_144' title='bbox 926 3879 1036 3974; x_wconf 89' lang='lat' dir='ltr'><strong>copia</strong></span> <span class='ocrx_word' id='word_1_145' title='bbox 1062 3892 1103 3948; x_wconf 87' lang='lat' dir='ltr'><strong>et</strong></span> 
     </span>
     <span class='ocr_line' id='line_1_23' title="bbox 61 4021 1102 4128; baseline -0.001 -26"><span class='ocrx_word' id='word_1_146' title='bbox 61 4031 107 4102; x_wconf 89' lang='lat' dir='ltr'><strong>in</strong></span> <span class='ocrx_word' id='word_1_147' title='bbox 131 4021 270 4100; x_wconf 85' lang='lat' dir='ltr'><strong>dilectu</strong></span> <span class='ocrx_word' id='word_1_148' title='bbox 297 4023 454 4102; x_wconf 82' lang='lat' dir='ltr'><strong>sollertia</strong></span> <span class='ocrx_word' id='word_1_149' title='bbox 474 4047 513 4104; x_wconf 85' lang='lat' dir='ltr'><strong>et</strong></span> <span class='ocrx_word' id='word_1_150' title='bbox 545 4027 735 4128; x_wconf 82' lang='lat' dir='ltr'><strong>diligentia</strong></span> <span class='ocrx_word' id='word_1_151' title='bbox 767 4033 807 4100; x_wconf 89' lang='lat' dir='ltr'><strong>in</strong></span> <span class='ocrx_word' id='word_1_152' title='bbox 838 4045 917 4104; x_wconf 86' lang='lat' dir='ltr'><strong>arte</strong></span> <span class='ocrx_word' id='word_1_153' title='bbox 949 4023 1102 4101; x_wconf 76' lang='lat' dir='ltr'><strong>adhibe·</strong></span> 
     </span>
    </p>
   </div>
   <div class='ocr_carea' id='block_1_5' title="bbox 63 4179 1100 4287">
    <p class='ocr_par' dir='ltr' id='par_1_5' title="bbox 63 4179 1100 4287">
     <span class='ocr_line' id='line_1_24' title="bbox 63 4179 1100 4287; baseline -0.003 -35"><span class='ocrx_word' id='word_1_154' title='bbox 63 4197 179 4257; x_wconf 83' lang='lat' dir='ltr'><strong>retur.</strong></span> <span class='ocrx_word' id='word_1_155' title='bbox 229 4179 346 4280; x_wconf 85' lang='lat' dir='ltr'><strong>Quod</strong></span> <span class='ocrx_word' id='word_1_156' title='bbox 371 4181 542 4286; x_wconf 87' lang='lat' dir='ltr'><strong>quidem,</strong></span> <span class='ocrx_word' id='word_1_157' title='bbox 574 4202 758 4287; x_wconf 81' lang='lat' dir='ltr'><strong>quantum</strong></span> <span class='ocrx_word' id='word_1_158' title='bbox 785 4202 824 4260; x_wconf 83' lang='lat' dir='ltr'><strong>et</strong></span> <span class='ocrx_word' id='word_1_159' title='bbox 844 4179 1039 4276; x_wconf 69' lang='lat' dir='ltr'><strong>facultates</strong></span> <span class='ocrx_word' id='word_1_160' title='bbox 1063 4196 1100 4253; x_wconf 87' lang='lat' dir='ltr'><strong>et</strong></span> 
     </span>
    </p>
   </div>
   <div class='ocr_carea' id='block_1_6' title="bbox 0 0 1504 5084">
    <p class='ocr_par' dir='ltr' id='par_1_6' title="bbox 0 0 1504 5084">
     <span class='ocr_line' id='line_1_25' title="bbox 0 0 1504 5084; baseline 0 3"><span class='ocrx_word' id='word_1_161' title='bbox 0 0 1504 5084; x_wconf 95' lang='lat' dir='ltr'><strong> </strong></span> 
     </span>
    </p>
   </div>
  </div>
 </body>
</html>
