3000 5084
437 351 503 440 qn
761 341 1140 450 neonusvs

439 518 575 614 ellent,
615 515 877 593 communibus
909 517 1052 609 studiis,
1092 524 1148 590 ita
1181 518 1318 626 quiden
1340 535 1415 590 rto

439 679 662 776 antiquitate
687 670 914 771 elegantiore
940 671 1026 746 illae
1049 667 1167 748 ell‘ent
1186 677 1326 773 petitae,
1341 689 1416 768 nque

398 894 405 906 ,
437 829 621 907 haberent
645 821 805 925 aliquid,
847 823 952 924 quod
977 851 1065 900 cum
1089 845 1229 926 poetae
1250 821 1413 900 carminibus

441 983 686 1060 conueniret,
726 974 853 1060 saltent
875 973 923 1049 ab
953 979 996 1050 iis
1023 1003 1102 1052 non
1130 979 1342 1053 abhorreret
1392 978 1414 1046 lt

441 1131 623 1234 angustias
640 1155 711 1204 nos
731 1125 892 1230 cogebat
912 1124 1027 1204 limile
1050 1129 1247 1206 confilium
1267 1129 1417 1207 editionum

440 1285 543 1391 apud
564 1287 759 1358 Britannos
785 1285 884 1354 ttIo.
906 1282 1027 1362 Pina,
1054 1302 1094 1358 et
1115 1289 1192 1358 iam
1213 1305 1294 1359 ante
1311 1309 1329 1355 a
1348 1279 1415 1354 out

442 1436 624 1537 Sondby,
667 1453 747 1508 turn
768 1440 809 1506 in
833 1437 977 1508 Batauis
1005 1436 1052 1509 ab
1083 1437 1210 1511 Henr.
1234 1434 1415 1535 lustrati

440 1593 547 1670 Italia
576 1589 624 1661 ab
651 1565 747 1664 Ant.⁴
782 1585 1000 1688 Ambrogi,
1039 1587 1270 1688 paratarum
1306 1605 1335 1660 rt
1354 1585 1413 1658 adeo

441 1739 644 1820 deferenda
666 1737 783 1814 allent
806 1739 864 1815 vel
889 1741 1101 1818 abiicienda
1128 1771 1193 1835 ea,
1232 1766 1320 1845 quae
1338 1739 1414 1811 abiu

440 1915 548 1976 erant
576 1913 790 1995 praerepta,
839 1920 888 1969 ne
925 1899 1013 1969 trita
1049 1918 1224 1998 repetere
1254 1894 1412 1968 videremur.

437 2053 520 2128 Atia
552 2047 740 2122 interdurn
771 2045 851 2122 satis
883 2050 1172 2124 accommodata
1197 2075 1274 2122 non
1298 2048 1411 2120 admitte

437 2203 504 2276 bat
531 2199 685 2301 spatium
710 2201 768 2274 his
801 2208 1027 2278 ornamentis
1062 2202 1283 2278 destinatum
1308 2217 1357 2272 aut
1379 2221 1410 2267 tt

435 2357 578 2431 lictum,
656 2355 859 2430 Enimuero
891 2356 1048 2432 meliore
1075 2375 1171 2458 puto
1210 2379 1275 2428 nos
1308 2345 1408 2426 conldio

372 2561 377 2568 ,
433 2511 532 2584 hanc
552 2503 666 2609 ipsam
690 2531 770 2580 rem
793 2503 866 2584 effe
886 2505 1090 2610 aggrettos:
1131 2509 1234 2585 Nihil
1250 2505 1341 2580 nobis
1357 2509 1410 2600 pru

432 2661 594 2765 politu'm
619 2655 692 2734 elle
718 2660 859 2738 debere
883 2668 1110 2764 putauimus,
1144 2653 1408 2764 quanhonetau

431 2815 662 2914 voluptatem
691 2831 730 2888 et
761 2803 1055 2891 oblectationem
1086 2839 1135 2889 ex
1162 2813 1322 2915 adspectu
1344 2813 1408 2905 ingr

431 2967 525 3044 niofi
555 2965 670 3056 lusus,
701 2967 749 3043 ¹et
777 2993 824 3042 ex
852 2973 1132 3070 comparatione
1160 2975 1213 3043 rei
1235 2962 1406 3042 tentatur

431 3122 558 3196 lorum'
578 3117 763 3195 subiectae
789 3121 1035 3222 eiusdemque
1067 3147 1089 3197 a
1121 3143 1233 3223 poeta
1261 3111 1402 3222 exprallat

426 3279 477 3349 At
500 3273 594 3347 boni
617 3271 672 3346 illi
698 3275 766 3348 viri
793 3293 933 3350 temere
957 3271 1024 3348 fibi
1048 3273 1299 3375 persuaserant,
1329 3267 1364 3341 ad
1376 3263 1402 3336 il·

425 3423 614 3501 lustranda
636 3425 749 3500 rerba
770 3447 907 3527 poetae
932 3453 1001 3528 per
1032 3425 1098 3502 ista
1128 3431 1332 3530 antiquitatis
1351 3443 1402 3494 nu

425 3597 608 3656 numento
638 3579 745 3654 caelo
777 3578 942 3682 exptellu
962 3579 998 3656 se
1021 3579 1145 3658 nescio
1168 3581 1253 3685 quid
1272 3545 1402 3680 pnerlrn'*

422 3731 550 3808 autrilii
585 3729 658 3807 elle
695 3731 871 3807 allaturos
879 3762 889 3824 ;
944 3733 985 3808 itl
1020 3735 1125 3836 quod
1164 3741 1203 3812 in
1234 3723 1395 3835 paucilsttttit

423 3887 603 3987 exemplis
625 3885 753 3961 locum
776 3884 902 3961 habet.
954 3891 1036 3962 Nec
1059 3913 1147 3965 vero
1170 3887 1321 3965 summan
1337 3875 1391 3949 artis

421 4038 657 4115 subtilitatem
678 4045 846 4141 requires
871 4045 911 4113 in
936 4039 1200 4136 delineatione,
1230 4037 1294 4114 llus
1312 4023 1390 4108 conl·

419 4190 512 4314 lium
541 4191 792 4295 rei·lpectes,
832 4190 908 4270 ssue
935 4196 1132 4272 modulum
1156 4213 1292 4300 operum
1310 4172 1395 4256 πάθ’
