3000 5084
389 362 886 436 raarauoavu
1089 377 1154 464 an

186 545 257 609 XV.
300 567 334 626 p.
354 523 433 610 313.⁴
460 558 541 602 onte
561 543 744 621 Excurfirm
765 547 806 604 ΙΙ.
839 545 930 604 Loca
942 547 1031 608 uitro
1045 549 1156 610 Auers-

125 673 216 711 nram.
281 645 517 730 Cltorographiu
539 647 621 706 lacus
645 649 760 706 Auerni
790 669 827 708 ex
853 650 952 708 Pauli
976 651 1155 713 Antiohitei

127 753 166 814 di
190 753 346 813 Pozznoii
383 751 450 810 tab.
472 751 576 809 XLII.
618 749 657 809 cl.
688 750 763 812 Vno
777 783 791 799 ·
796 751 862 828 sur
881 753 927 811 les
949 753 1047 814 bono
1068 755 1153 816 dot

125 857 284 918 Acheron
312 859 347 916 ln
375 855 414 918 V
409 873 516 936 oyugo
538 855 745 937 pictoresque
771 851 814 912 do
838 855 961 939 Napiet
992 857 1047 922 To.
1068 861 1096 934 1,
1115 859 1154 921 P.

124 981 154 1022 2.
175 963 236 1022 No.
258 969 310 1040 49.

188 1112 273 1177 XVI.
315 1135 348 1196 p.
370 1111 445 1176 520.
487 1111 524 1170 in
541 1107 619 1192 fine
636 1111 803 1190 Excursus
822 1109 883 1175 IV.
936 1113 1058 1176 Ruluao
1079 1125 1155 1178 tetta·

122 1219 168 1303 pli
188 1217 339 1300 Apollinis
361 1215 444 1296 apud
467 1213 579 1275 Cumas
600 1236 637 1276 ex
661 1215 775 1278 eodem
795 1216 894 1276 Pooli
914 1215 981 1277 tab.
1001 1219 1104 1282 XLV.

154 1353 287 1433 'xvu
331 1391 363 1450 p.
390 1326 464 1433 sis.
506 1373 587 1427 ansa
607 1369 790 1448 &cursim
821 1367 862 1431 V.
913 1371 1086 1450 Dentati
1108 1375 1156 1434 st

125 1473 222 1554 byllo.
258 1473 413 1534 Denarius
434 1476 534 1554 gentis
553 1472 689 1532 Manliae
711 1489 761 1552 ap.
780 1471 909 1534 Murali.
930 1475 1026 1535 Num.
1040 1477 1156 1555 samii.

125 1579 217 1636 Rom.
239 1579 274 1636 B.
313 1579 348 1635 in
370 1575 495 1635 aduersa
513 1589 603 1656 parts
626 1590 718 1661 eaput
736 1575 887 1660 Sibyllae,
919 1597 946 1637 c.
966 1597 1033 1638 voc.
1059 1579 1156 1662 Sibyl.

125 1681 176 1740 vel
200 1679 301 1739 Stbnl.
331 1683 365 1738 in
388 1678 501 1750 alteru,
533 1681 630 1758 tripos
650 1673 793 1757 impolito
815 1679 956 1753 vruuolo,
993 1697 1025 1742 et
1043 1683 1154 1744 verba:

124 1783 161 1843 L.
189 1783 372 1863 Torquatus
391 1782 451 1840 ΙΙΙ.
470 1781 542 1850 vir,
564 1785 644 1840 iutra
667 1794 821 1862 torquem,
845 1803 903 1863 pro
924 1803 1050 1846 corona.
1093 1785 1157 1846 Ad·

125 1889 204 1945 iectu
234 1905 293 1964 pro
324 1888 512 1944 ornamentis
538 1881 736 1944 iustrumenta
767 1883 940 1965 scriptoria,
982 1891 1044 1947 iam
1074 1887 1155 1965 Edit,

124 1988 182 2049 loc.
204 1985 337 2046 ethbita
353 1987 412 2047 To.
433 1985 459 2059 1,
479 2008 511 2066 p.
534 1987 595 2048 ct..
639 2008 676 2046 ex
698 1987 829 2047 Pictura
850 1987 882 2048 ci
903 1990 1010 2054 Erool.
1037 1991 1092 2051 To.
1111 1991 1154 2053 11.

126 2092 165 2152 cf.
186 2089 241 2150 ini.
264 2090 304 2150 ad
324 2089 395 2150 Vol.
417 2089 458 2162 V,
478 2086 540 2149 No.
560 2088 708 2149 XXXIV.

186 2243 302 2304 XVIII.
343 2263 376 2322 p.
396 2243 470 2306 338.
514 2257 594 2300 onte
617 2242 799 2318 Excursum
822 2241 863 2304 Χ.
906 2243 1089 2329 Dascenfirs
1109 2227 1158 2308 aci

125 2345 264 2424 inferos.
329 2343 453 2424 Cupido
476 2363 545 2402 cum
570 2344 655 2414 luce,
693 2349 835 2406 inuectus
859 2367 949 2408 curru
968 2353 1083 2411 iunctis
1101 2373 1157 2432 pa-

125 2449 309 2531 pilionibus:
344 2467 421 2530 quos
445 2449 616 2506 unimanun
639 2445 773 2531 symbola
795 2445 855 2509 elle
876 2467 986 2511 notum
1008 2449 1069 2532 ell3
1103 2459 1158 2535 ap'·

127 2547 226 2632 polita
240 2553 329 2610 Luna
344 2568 413 2610 cum
428 2549 540 2609 Stella:
563 2569 581 2608 o
596 2569 717 2630 gemma
731 2555 766 2609 in
790 2549 887 2611 Gorii
905 2551 1051 2615 Gommis
1066 2553 1158 2633 osiri-

116 2653 207 2736 seris
246 2655 301 2714 To.
326 2655 356 2720 I,
391 2651 459 2712 tob.
488 2649 618 2710 CXXII.
659 2667 692 2712 et
717 2655 855 2712 Borioni
882 2655 1060 2716 collectan.
1089 2655 1156 2718 tob.

126 2757 228 2816 XLII.

191 2891 279 2952 XIX.
323 2910 356 2972 p.
384 2890 459 2970 349.
501 2904 582 2948 anco
609 2889 796 2966 Excursum
824 2891 914 2952 XHI.
957 2891 1158 2956 Animorum

130 2997 273 3073 origines
301 3009 335 3052 et
354 2993 448 3073 sato.
512 2991 630 3074 Iupiter
656 2994 792 3063 inferus,
829 2994 950 3075 Serapis
979 2995 1031 3056 seu
1055 2999 1158 3072 Pluto,

128 3097 236 3158 sedena
257 3101 291 3156 ln
312 3093 445 3168 throno,
479 3095 649 3156 accubante
671 3095 827 3170 Cerbero,
861 3095 979 3158 adstant
1001 3098 1107 3162 Castor
1128 3116 1160 3162 et

129 3201 254 3274 Pollux,
275 3199 452 3258 Luciferum
472 3213 506 3259 et
525 3199 713 3280 Hesperum,
738 3200 851 3260 Ortum
873 3215 905 3260 et
926 3201 1082 3276 Oocalum,
1106 3203 1160 3266 de·

128 3301 291 3387 figurantes.
355 3301 457 3362 Petita
477 3299 561 3386 liguo
584 3323 623 3364 ex
641 3303 778 3363 Bellorii
796 3305 946 3363 Lssoerno
955 3304 1160 3388 sepulcrali:

128 3406 362 3480 REM&

191 3543 264 3602 XX.
306 3563 339 3622 p.
366 3537 441 3606 556.
474 3539 543 3618 sub
572 3539 680 3622 finem
708 3539 875 3620 Exoasrssu
903 3541 995 3605 XIII.
1058 3545 1161 3628 Cap'ut

130 3645 184 3706 alls
203 3645 369 3727 papilionis
390 3640 585 3717 instructum,
626 3643 679 3704 sub
704 3649 832 3706 nomine
858 3644 996 3707 Platonis
1024 3647 1162 3710 celebra·

130 3763 214 3821 tum,
249 3769 309 3808 nec
332 3745 478 3819 absurde,
514 3767 533 3806 e
554 3747 650 3807 Sarda
673 3745 868 3819 Stolclriana,
904 3751 987 3808 culus
1009 3749 1162 3834 Ectypum

132 3871 181 3932 up.
201 3851 393 3932 Lippertum
414 3845 518 3908 vifitur
536 3849 620 3907 Mill.
639 3853 702 3920 ΙΙΙ,
722 3851 760 3911 P.
777 3852 820 3920 11,
844 3847 914 3915 152.
933 3869 962 3910 v.
984 3871 1033 3934 ap.
1064 3851 1162 3916 Win-

131 3952 240 4014 chelm.
269 3954 361 4011 Mon.
382 3947 469 4010 iered.
489 3951 552 4011 No.
577 3953 647 4033 169.
676 3932 680 3943 ι

187 4089 275 4152 XXI.
318 4111 350 4172 p.
370 4093 445 4170 370.
487 4085 660 4169 adfinem
683 4085 899 4166 Exosrrfimm.
942 4081 1080 4149 Theseus
1100 4055 1163 4152 vio·

131 4205 182 4255 tor
202 4194 382 4254 Minotauro
406 4189 574 4275 prostrato,
611 4197 666 4276 qul
693 4191 796 4252 medio
820 4209 951 4272 corporo
972 4211 990 4250 e
1011 4189 1162 4275 Labyrin-

126 4293 186 4385 'tho
214 4301 390 4378 prominet,
429 4312 578 4381 tanquam
605 4295 659 4357 sub
680 4293 778 4378 ipsum
798 4287 1075 4380 ingrell'um'claua
1095 4315 1163 4358 cae.
