3000 5084
362 333 950 404 urnuaunauna
1112 343 1176 426 795
1249 393 1252 400 .

206 535 239 596 p·
259 515 350 579 315..
373 513 495 574 Excurs.
516 513 557 586 11,
586 511 626 574 ad
653 510 707 574 lib.
739 513 793 573 VI.
857 511 894 572 In
920 511 996 572 locis
1023 509 1069 575 his
1097 517 1178 576 circa

142 601 302 662 Auernum
322 599 489 684 Κερβέρων
516 595 573 664 tiro*
602 597 700 679 χθονὶ
726 601 868 676 μαντεῖον
898 617 1051 658 memorat
1072 601 1179 686 Scynm

65 739 72 748 ,
139 707 201 749 nur
224 687 262 748 vl.
287 689 358 765 248.
402 687 453 746 De
471 686 597 746 Auerno
622 685 660 746 cf.
683 685 795 745 Mirab.
818 684 922 746 Audit.
945 705 970 746 c.
988 677 1064 748 ⁸108.

205 829 238 889 p.
260 809 335 870 531.
366 803 486 870 Excurl.
506 803 591 880 VIII,
611 805 632 864 i.
658 811 707 885 14.
752 803 850 868 afine
870 819 972 868 retro:
998 809 1177 894 Idu-4763
1232 877 1257 891 „

139 893 201 976 lea·
225 896 315 974 439·
332 896 405 971 476·
460 939 464 947 .
1257 898 1262 909 '

140 1009 582 1180 1...¹'·1.³3‚⁷·..¹³{.⁰¹¹1ii.l¹¹,3.
604 1007 1012 1174 tt..⁸⁰aa:2.·..¹t.¹u
1029 1011 1179 1180 {alili

139 1189 289 1246 mericum
316 1185 401 1246 locus
431 1179 474 1243 est
504 1182 603 1246 verius
633 1180 759 1244 Helladi
788 1179 972 1260 Σαλμωνεὺς
987 1173 1097 1256 'ddtuoc
1124 1183 1178 1250 ital

141 1269 317 1354 ὑπέρθυμος
338 1269 406 1354 πέρι
427 1269 510 1352 κῆρι,
532 1289 581 1350 ap.
603 1268 705 1329 Schol.
728 1270 854 1328 Pindari
874 1270 909 1328 P.
932 1269 987 1344 lv,
1009 1275 1081 1335 253.
1126 1271 1178 1332 ln-

140 1371 190 1417 ter
212 1377 285 1430 eos,
314 1361 368 1440 qui
390 1355 522 1414 fabulam
546 1369 716 1427 ornarunt,
745 1350 788 1415 est
811 1355 918 1414 Manil.
942 1355 981 1428 V,
1003 1377 1056 1436 9²·
1111 1357 1178 1418 Sal-

140 1463 272 1505 moneus
290 1477 335 1492 ·-
353 1444 411 1522 qui
433 1443 562 1510 caelum
584 1444 785 1501 imitatatio
809 1440 908 1509 orbe,
936 1442 1098 1501 Pontibus
1117 1447 1178 1502 im-

137 1527 267 1612 politis,
292 1525 451 1611 miffisque
468 1549 532 1608 per
551 1547 634 1586 aera
654 1526 828 1612 quadrt'gis
849 1527 1041 1610 Exprefflffe
1050 1529 1178 1605 sonum

142 1613 259 1674 mrtndt‘
277 1613 345 1688 fibi
372 1613 461 1690 visus
490 1627 524 1674 et
549 1615 656 1695 ipsum
683 1612 877 1692 Admour'ffe
912 1617 1022 1674 Iouem
1059 1620 1178 1686 terris:

140 1701 228 1760 male
239 1698 392 1778 fulmina
405 1701 496 1780 fingi
516 1699 636 1773 Senfit,
669 1715 702 1758 et
724 1699 879 1778 immiffos
900 1703 992 1778 ignes
1002 1699 1109 1782 fitper
1128 1705 1177 1784 ip-

129 1787 175 1866 se
185 1787 350 1869 sequutus
371 1787 483 1844 Morte
501 1787 616 1844 Iouem
636 1782 763 1846 didicit.
807 1787 927 1844 Durum
950 1781 993 1854 est
1016 1791 1050 1846 in
1071 1793 1174 1869 primo

140 1872 225 1934 versu
248 1873 378 1931 caelum
396 1873 546 1931 imitatus
566 1874 602 1930 in
624 1871 721 1939 orbe,
743 1876 849 1948 terris3
877 1892 936 1933 nec
956 1877 1051 1956 magia
1076 1875 1177 1953 placet

140 1961 177 2025 in
204 1957 303 2032 vrbe,
340 1977 424 2019 noua
453 1957 529 2018 vrbe
560 1958 685 2020 condita
708 1957 885 2017 Salmonea.
949 1959 1041 2018 Forte
1064 1961 1178 2020 orbem

142 2044 216 2106 dixit
236 2045 276 2106 de
296 2043 436 2104 machina
459 2063 575 2117 aenea,
610 2063 712 2124 quem
741 2044 900 2104 Diodorus
926 2061 1098 2119 memorat,
1142 2052 1177 2108 in

142 2131 225 2194 orbis
245 2131 375 2192 modum
395 2129 492 2202 iacta,
521 2143 555 2188 vt
577 2129 696 2189 caelum
716 2133 902 2203 imitaretur,
930 2135 963 2190 in
984 2129 1042 2191 ltac
1060 2131 1177 2193 maelii*

142 2238 183 2278 na
191 2261 202 2293 ,
238 2221 272 2278 in
302 2215 363 2278 hoc
393 2215 489 2289 orbe,
525 2219 659 2274 imitatur
687 2211 730 2274 eli
761 2215 888 2276 caelum.
951 2217 1000 2276 Ad
1022 2216 1061 2277 vs.
1083 2237 1123 2298 97
1147 2242 1175 2280 v.

47 2329 66 2368 .’
141 2303 350 2388 Cannegieter
379 2299 463 2362 Obll.
493 2300 555 2362 lur.
585 2322 618 2383 p.
646 2321 718 2360 210.
791 2301 884 2361 Faces
913 2301 1056 2364 ardentes
1083 2307 1177 2366 etiam

141 2390 257 2473 Hygia.
287 2391 309 2448 f.
337 2390 374 2450 61
417 2401 586 2460 memorat,
629 2407 711 2468 arras
738 2387 773 2444 in
794 2386 954 2466 populum
977 2392 1122 2449 mitteret
1144 2407 1179 2451 et

142 2480 252 2534 ciues:
274 2495 314 2533 an
336 2475 446 2533 excidit
466 2488 498 2531 et
521 2476 610 2532 ciues
632 2485 780 2531 terreret.
820 2471 931 2534 ¹Iacobs
953 2473 1176 2543 Animaduerll.

143 2583 176 2642 p.
195 2561 258 2623 203
283 2563 364 2619 coni.
387 2561 424 2616 in
441 2558 581 2627 caelum,
600 2579 687 2618 nunc
703 2563 737 2617 in
754 2559 986 2621 Commentario
1000 2565 1035 2622 in
1050 2561 1177 2626 Anthol.

141 2647 214 2707 Vol.
242 2645 282 2718 II,
316 2646 349 2704 P.
372 2643 410 2717 II,
440 2665 470 2723 p.
501 2646 561 2706 311
608 2645 644 2702 in
670 2645 783 2725 polum
811 2659 845 2703 et
873 2647 979 2714 cinea,
1014 2648 1053 2707 ad
1082 2649 1178 2709 Tullii

142 2734 270 2878 Gemffii
290 2735 480 2812 epigramma
496 2733 531 2792 in
552 2731 710 2792 Salmonei
729 2733 897 2814 imaginem
916 2735 1030 2814 pictam
1047 2733 1177 2795 fulmine

140 2840 215 2902 perc
261 2839 321 2878 am.

204 2961 236 3020 p·
257 2932 330 3018 348.
374 2935 413 2997 ad
429 2932 483 2996 fin.
502 2931 650 2996 Excursut
673 2933 745 2994 ΧΠ.
801 2935 853 2996 vbi
873 2935 1055 3017 apotheolln
1075 2937 1178 3022 Impe-

142 3040 280 3084 ratorum
301 3043 386 3096 non,
416 3019 474 3083 nist
491 3021 644 3084 honorem
667 3021 801 3104 aliquem
820 3023 941 3083 ciuilem
961 3029 998 3085 iit
1028 3025 1177 3099 habitum,

142 3109 247 3184 luille,
277 3113 498 3191 pronuntiaui,
529 3127 596 3170 non
619 3123 723 3167 tamen
745 3106 943 3169 inficiandum
966 3109 1027 3185 est,
1055 3114 1093 3173 de
1115 3135 1177 3176 vno
1285 3157 1289 3164 -

144 3211 176 3257 et
197 3197 294 3258 altero
316 3201 382 3256 viro
402 3215 518 3277 magno
546 3195 578 3253 id
609 3213 681 3252 vere
712 3195 817 3274 vulgus
847 3193 1026 3270 credidille,
1049 3214 1177 3271 -ratum,

143 3301 196 3342 eoa
218 3282 351 3342 sublatos
374 3285 408 3340 in
433 3281 556 3342 caelum
580 3279 620 3338 ad
645 3280 719 3339 deos
746 3275 865 3346 abiill'e:
907 3285 947 3342 ita
979 3282 1019 3343 de
1048 3285 1178 3346 Caesare

144 3369 272 3429 Sueton.
302 3367 358 3426 Iul.
385 3368 437 3430 88.
481 3363 675 3431 iudeorum
701 3385 872 3424 nramerum
894 3368 1021 3428 relatus
1037 3369 1081 3446 all
1109 3391 1179 3430 nort

144 3474 202 3514 ore
221 3453 288 3531 (vel
310 3452 460 3536 honore)
488 3449 587 3511 modo
610 3449 877 3520 decernentium,
902 3451 972 3531 sed
991 3471 1025 3514 et
1040 3457 1179 3538 perstra-

133 3539 230 3616 stone
255 3539 355 3616 vulgi.
405 3539 494 3600 Adde
514 3539 553 3599 de
575 3537 726 3598 Romulo:
763 3538 890 3622 Dionys.
919 3539 958 3614 II,
979 3543 1031 3606 56.
1080 3545 1179 3603 Aliter

143 3624 260 3685 censuit
288 3621 444 3708 Agefilaue
468 3628 502 3686 in
526 3622 757 3708 Apophthegm.
789 3625 906 3687 Lacon.
943 3647 992 3708 ap.
1025 3627 1177 3691 Plutarch.

141 3706 456 3791 T0.11,p.2101).
518 3766 521 3771 ,
627 3763 631 3772 .

162 3851 240 3976 dp.
264 3831 337 3892 556.
377 3825 498 3889 Excurl.
518 3827 595 3890 xm
622 3844 697 3891 extr.
718 3831 739 3893 l.
761 3833 791 3897 6.
833 3828 914 3902 „ad
931 3849 963 3891 u.
985 3834 1090 3914 745.“
1116 3833 1177 3918 leg.

142 3935 162 3976 ⁸
195 3916 340 4100 disgl-
377 4017 417 4078 ad
442 4015 554 4078 librum
577 4017 646 4093 vn,
670 4041 700 4080 v.
721 4021 794 4086 διο.
841 4017 968 4084 Vincat
985 4016 1028 4080 αὖ
1048 4019 1178 4081 Aenea.

145 4103 381 4165 commentatur
401 4123 468 4165 non
489 4105 568 4165 male
590 4109 624 4166 in
645 4104 729 4167 hunc
748 4109 850 4168 locum
873 4107 1050 4168 Macrobius
1070 4106 1124 4182 lV',
1148 4127 1177 4168 2.

143 4211 176 4271 P·
194 4189 269 4268 451.
290 4188 342 4250 vbi
365 4195 475 4252 etiam:
503 4193 602 4270 „Nec
622 4193 713 4253 dixit:
741 4215 810 4258 non
829 4192 950 4278 pallum
969 4194 1100 4278 perdere
1119 4197 1181 4255 Ae·

144 4295 257 4360 neam3
286 4275 355 4339 led:
387 4281 496 4342 vincor
518 4277 557 4342 ab
576 4280 726 4344 Aenea.“
953 4279 958 4286 “
